@article{saphire01,
  author = {Saphire, E.O. and Parren, P.W. and Pantophlet, R. and Zwick, M.B. and Morris, G.M. and Rudd, P.M. and Dwek, R.A. and Stanfield, R.L. and Burton, D.R. and Wilson, I.A.},
  Title = {{Crystal Structure of a Neutralizing Human IGG Against HIV-1: A Template for Vaccine Design}},
  year = 2001,
  journal = {Science (New York, N.Y.)},
  volume = 293,
  number = 5532,
  pages = {1155--9},
  pmid = 11498595,
  doi = {10.1126/science.1061692},
  keywords = {}
}
@article{saphire01a,
  author = {Saphire, E.O. and Parren, P.W. and Barbas, C.F. and Burton, D.R. and Wilson, I.A.},
  Title = {{Crystallization and Preliminary Structure Determination of an Intact Human Immunoglobulin}, B12: An Antibody That Broadly Neutralizes Primary Isolates of HIV-1},
  year = 2001,
  journal = {Acta crystallographica. Section D, Biological crystallography},
  volume = 57,
  number = {Pt 1},
  pages = {168--71},
  pmid = 11134947,
  doi = {10.1107/s0907444900017376},
  keywords = {}
}
@article{beveridge89,
  author = {Beveridge, D.L. and DiCapua, F.M.},
  Title = {{Free Energy Via Molecular Simulation: Applications to Chemical and Biomolecular Systems}},
  year = 1989,
  journal = {Annual review of biophysics and biophysical chemistry},
  volume = 18,
  pages = {431--92},
  pmid = 2660832,
  doi = {10.1146/annurev.bb.18.060189.002243},
  keywords = {}
}
@article{gilson97,
  author = {Gilson, M.K. and Given, J.A. and Bush, B.L. and McCammon, J.A.},
  Title = {{The Statistical-Thermodynamic Basis for Computation of Binding Affinities: A Critical Review}},
  year = 1997,
  journal = {Biophys. J.},
  volume = 72,
  number = 3,
  pages = {1047--69},
  pmid = 9138555,
  doi = {10.1016/S0006-3495(97)78756-3},
  keywords = {}
}
@article{gilson07,
  author = {Gilson, M.K. and Zhou, H.X.},
  Title = {{Calculation of Protein-Ligand Binding Affinities}},
  year = 2007,
  journal = {Annual review of biophysics and biomolecular structure},
  volume = 36,
  pages = {21--42},
  pmid = 17201676,
  doi = {10.1146/annurev.biophys.36.040306.132550},
  keywords = {}
}
@article{zhou09,
  author = {Zhou, H.X. and Gilson, M.K.},
  Title = {{Theory of Free Energy and Entropy in Noncovalent Binding}},
  year = 2009,
  journal = {Chemical reviews},
  volume = 109,
  number = 9,
  pages = {4092--107},
  pmid = 19588959,
  doi = {10.1021/cr800551w},
  keywords = {}
}

@article{straatsma92,
author = {Straatsma, T P and McCammon, J A},
Title = {{Computational Alchemy}},
journal = {Annual Review of Physical Chemistry},
volume = {43},
number = {1},
pages = {407-435},
year = {1992},
doi = {10.1146/annurev.pc.43.100192.002203},
}
@article{simonson02,
  author = {Simonson, T. and Archontis, G. and Karplus, M.},
  Title = {{Free Energy Simulations Come of Age: Protein-Ligand Recognition}},
  year = 2002,
  journal = {Accounts of chemical research},
  volume = 35,
  number = 6,
  pages = {430--7},
  pmid = 12069628,
  keywords = {}
}
@article{chodera11,
  author = {Chodera, J.D. and Mobley, D.L. and Shirts, M.R. and Dixon, R.W. and Branson, K. and Pande, V.S.},
  Title = {{Alchemical Free Energy Methods for Drug Discovery: Progress and Challenges}},
  year = 2011,
  journal = {Curr. Opin. Struct. Bio.},
  volume = 21,
  number = 2,
  pages = {150--60},
  pmid = 21349700,
  doi = {10.1016/j.sbi.2011.01.011},
  keywords = {}
}

@article{boresch03,
author = {Boresch, Stefan and Tettinger, Franz and Leitgeb, Martin and Karplus, Martin},
Title = {{Absolute Binding Free Energies: A Quantitative Approach for Their Calculation}},
journal = {The Journal of Physical Chemistry B},
volume = {107},
number = {35},
pages = {9535-9551},
year = {2003},
doi = {10.1021/jp0217839},
}

@article{knight13,
  author = {Knight, J.L. and Yesselman, J.D. and Brooks, C.L.},
  Title = {{Assessing the Quality of Absolute Hydration Free Energies Among CHARMM-Compatible Ligand Parameterization Schemes}},
  year = 2013,
  journal = {J. Comput. Chem.},
  volume = 34,
  number = 11,
  pages = {893--903},
  pmid = 23292859,
  doi = {10.1002/jcc.23199},
  keywords = {}
}

@article{shirts03,
   author = "Shirts, Michael R. and Pitera, Jed W. and Swope, William C. and Pande, Vijay S.",
   Title = {"Extremely Precise Free Energy Calculations of Amino Acid Side Chain Analogs: Comparison of Common Molecular Mechanics Force Fields for Proteins"},
   journal = "J. Chem. Phys.",
   year = "2003",
   volume = "119",
   number = "11", 
   pages = "5740-5761",
}

@article{lin14,
author = {Lin, Yen-Lin and Aleksandrov, Alexey and Simonson, Thomas and Roux, Beno\^it},
Title = {{An Overview of Electrostatic Free Energy Computations for Solutions and Proteins}},
journal = {Journal of Chemical Theory and Computation},
volume = {10},
number = {7},
pages = {2690-2709},
year = {2014},
doi = {10.1021/ct500195p},
}



@article{kastenholz06,
  author = {Kastenholz, M.A. and H\"unenberger, P.H.},
  Title = {{Computation of Methodology-Independent Ionic Solvation Free Energies from Molecular Simulations. I. the Electrostatic Potential in Molecular Liquids}},
  year = 2006,
  journal = {J. Chem. Phys.},
  volume = 124,
  number = 12,
  pages = {124106},
  pmid = 16599661,
  doi = {10.1063/1.2172593},
  keywords = {}
}

@article{lin13,
  author = {Lin, Y.L. and Meng, Y. and Jiang, W. and Roux, B.},
  Title = {{Explaining Why Gleevec Is a Specific and Potent Inhibitor of Abl Kinase}},
  year = 2013,
  journal = {Proc. Natl. Acad. Sci. USA},
  volume = 110,
  number = 5,
  pages = {1664--9},
  pmid = 23319661,
  doi = {10.1073/pnas.1214330110},
  keywords = {}
}

@article{hansen14,
author = {Hansen, Niels and van Gunsteren, Wilfred F.},
Title = {{Practical Aspects of Free-Energy Calculations: A Review}},
journal = {Journal of Chemical Theory and Computation},
volume = {10},
number = {7},
pages = {2632-2647},
year = {2014},
doi = {10.1021/ct500161f},
}

@article{zheng08,
    author={Lianqing Zheng and Mengen Chen and Wei Yang},
    year={2008},
    Title = {{Random Walk in Orthogonal Space to Achieve Efficient Free-Energy Simulation of Complex Systems}},
    journal={Proc. Natl. Acad. Sci. USA},
    pages={20227-20232},
    volume={105}
}
@article{warshel06,
  author = {Warshel, A. and Sharma, P.K. and Kato, M. and Parson, W.W.},
  Title = {{Modeling Electrostatic Effects in Proteins}},
  year = 2006,
  journal = {Biochim. Biophys. Acta},
  volume = 1764,
  number = 11,
  pages = {1647--76},
  pmid = 17049320,
  doi = {10.1016/j.bbapap.2006.08.007},
  keywords = {}
}
@article{pohorille10,
  author = {Pohorille, A. and Jarzynski, C. and Chipot, C.},
  Title = {{Good Practices in Free-Energy Calculations}},
  year = 2010,
  journal = {The journal of physical chemistry. B},
  volume = 114,
  number = 32,
  pages = {10235--53},
  pmid = 20701361,
  doi = {10.1021/jp102971x},
  keywords = {}
}
@article{knight09,
  author = {Knight, J.L. and Brooks, C.L.},
  Title = {{Lambda-Dynamics Free Energy Simulation Methods}},
  year = 2009,
  journal = {J. Comput. Chem.},
  volume = 30,
  number = 11,
  pages = {1692--700},
  pmid = 19421993,
  doi = {10.1002/jcc.21295},
  keywords = {}
}

@article{nicholls08,
  author = {Nicholls, A. and Mobley, D.L. and Guthrie, J.P. and Chodera, J.D. and Bayly, C.I. and Cooper, M.D. and Pande, V.S.},
  Title = {{Predicting Small-Molecule Solvation Free Energies: An Informal Blind Test for Computational Chemistry}},
  year = 2008,
  journal = {Journal of medicinal chemistry},
  volume = 51,
  number = 4,
  pages = {769--79},
  pmid = 18215013,
  doi = {10.1021/jm070549+},
  keywords = {}
}
@article{geballe10,
  author = {Geballe, M.T. and Skillman, A.G. and Nicholls, A. and Guthrie, J.P. and Taylor, P.J.},
  Title = {{The SAMPL2 Blind Prediction Challenge: Introduction and Overview}},
  year = 2010,
  journal = {Journal of computer-aided molecular design},
  volume = 24,
  number = 4,
  pages = {259--79},
  pmid = 20455007,
  doi = {10.1007/s10822-010-9350-8},
  keywords = {}
}
@article{boyce09,
  author = {Boyce, S.E. and Mobley, D.L. and Rocklin, G.J. and Graves, A.P. and Dill, K.A. and Shoichet, B.K.},
  Title = {{Predicting Ligand Binding Affinity with Alchemical Free Energy Methods in a Polar Model Binding Site}},
  year = 2009,
  journal = {Journal of molecular biology},
  volume = 394,
  number = 4,
  pages = {747--63},
  pmid = 19782087,
  doi = {10.1016/j.jmb.2009.09.049},
  keywords = {}
}
@article{gao89,
  author = {Gao, J. and Kuczera, K. and Tidor, B. and Karplus, M.},
  Title = {{Hidden Thermodynamics of Mutant Proteins: A Molecular Dynamics Analysis}},
  year = 1989,
  journal = {Science (New York, N.Y.)},
  volume = 244,
  number = 4908,
  pages = {1069--72},
  pmid = 2727695,
  keywords = {}
}
@article{tidor91,
  author = {Tidor, B. and Karplus, M.},
  Title = {{Simulation Analysis of the Stability Mutant R96H of T4 Lysozyme}},
  year = 1991,
  journal = {Biochemistry},
  volume = 30,
  number = 13,
  pages = {3217--28},
  pmid = 2009262,
  keywords = {}
}

@article{wong03,
  author = {Wong, C.F. and McCammon, A.J.},
  Title = {{Protein Simulation and Drug Design}},
  year = 2003,
  journal = {Advances in protein chemistry},
  volume = 66,
  pages = {87--121},
  pmid = 14631817,
  keywords = {}
}

@article{tembe84,
Title = {"Ligand-Receptor Interactions "},
journal = "Computers \& Chemistry ",
volume = "8",
number = "4",
pages = "281 - 283",
year = "1984",

doi = "http://dx.doi.org/10.1016/0097-8485(84)85020-2",
author = "Bhalachandra L. Tembe and J.Andrew McCammon"
}

@article {mayne13,
author = {Mayne, Christopher G. and Saam, Jan and Schulten, Klaus and Tajkhorshid, Emad and Gumbart, James C.},
Title = {{Rapid Parameterization of Small Molecules Using the Force Field Toolkit}},
journal = {Journal of Computational Chemistry},
volume = {34},
number = {32},

url = {http://dx.doi.org/10.1002/jcc.23422},
doi = {10.1002/jcc.23422},
pages = {2757--2770},
year = {2013},
}

@article {vanommeslaeghe10,
author = {Vanommeslaeghe, K. and Hatcher, E. and Acharya, C. and Kundu, S. and Zhong, S. and Shim, J. and Darian, E. and Guvench, O. and Lopes, P. and Vorobyov, I. and Mackerell, A. D.},
Title = {{CHARMM General Force Field: A Force Field for Drug-like Molecules Compatible with the CHARMM All-Atom Additive Biological Force Fields}},
journal = {Journal of Computational Chemistry},
volume = {31},
number = {4},
publisher = {Wiley Subscription Services, Inc., A Wiley Company},

doi = {10.1002/jcc.21367},
pages = {671--690},
year = {2010},
}

@article{shivakumar12,
author = {Shivakumar, Devleena and Harder, Edward and Damm, Wolfgang and Friesner, Richard A. and Sherman, Woody},
Title = {{Improving the Prediction of Absolute Solvation Free Energies Using the Next Generation OPLS Force Field}},
journal = {Journal of Chemical Theory and Computation},
volume = {8},
number = {8},
pages = {2553-2558},
year = {2012},
doi = {10.1021/ct300203w},
}

@article{leitgeb05,
    author = {Leitgeb, Martin and Schr\"{o}der, Christian and Boresch, Stefan},
    journal = {Journal of Chemical Physics},
    pages = {084109},
    Title = {{{Alchemical Free Energy Calculations and Multiple Conformational Substates}}},
    volume = {122},
    year = {2005}
}


@article{moghaddam11,
  author = {Moghaddam, S. and Yang, C. and Rekharsky, M. and Ko, Y.H. and Kim, K. and Inoue, Y. and Gilson, M.K.},
  Title = {{New Ultrahigh Affinity Host-Guest Complexes of Cucurbit[7]uril with Bicyclo[2.2.2]octane and Adamantane Guests: Thermodynamic Analysis and Evaluation of M2 Affinity Calculations}},
  year = 2011,
  journal = {J. Am. Chem. Soc.},
  volume = 133,
  number = 10,
  pages = {3570--81},
  pmid = 21341773,
  doi = {10.1021/ja109904u},
  keywords = {}
}

@online{mobley13,
 author={Mobley, David L},
 year=2013,
 Title = {{Experimental and Calculated Small Molecule Hydration Free Energies}},
 url={http://www.escholarship.org/uc/item/6sd403pz},
 urldate={2013-01-01}
}
@article{schneider10,
  author = {Schneider, G.},
  Title = {{Virtual Screening: An Endless Staircase?}},
  year = 2010,
  journal = {Nature reviews. Drug discovery},
  volume = 9,
  number = 4,
  pages = {273--6},
  pmid = 20357802,
  doi = {10.1038/nrd3139},
  keywords = {}
}
@article{warshel86,
  author = {Warshel, A. and Sussman, F. and King, G.},
  Title = {{Free Energy of Charges in Solvated Proteins: Microscopic Calculations Using a Reversible Charging Process}},
  year = 1986,
  journal = {Biochemistry},
  volume = 25,
  number = 26,
  pages = {8368--72},
  pmid = 2435316,
  keywords = {}
}

@article{wong86,
author = {Wong, Chung F. and McCammon, J. Andrew.},
Title = {{Dynamics and Design of Enzymes and Inhibitors}},
journal = {J. Am. Chem. Soc.},
volume = {108},
number = {13},
pages = {3830-3832},
year = {1986},
doi = {10.1021/ja00273a048},
}

@article{zhou08,
  author = {Zhou, H.X.},
  Title = {{Calculation of Free-Energy Differences and Potentials of Mean Force by a Multi-Energy Gap Method}},
  year = 2008,
  journal = {J. Chem. Phys.},
  volume = 128,
  number = 11,
  pages = {114104},
  pmid = 18361551,
  doi = {10.1063/1.2841942},
  keywords = {}
}
@article{deruiter13,
  author = {de Ruiter, A. and Boresch, S. and Oostenbrink, C.},
  Title = {{Comparison of Thermodynamic Integration and Bennett Acceptance Ratio for Calculating Relative Protein-Ligand Binding Free Energies}},
  year = 2013,
  journal = {J. Comput. Chem.},
  volume = 34,
  number = 12,
  pages = {1024--34},
  pmid = 23335287,
  doi = {10.1002/jcc.23229},
  keywords = {}
}

@article{boresch95,
Title = {"the Meaning of Component Analysis: Decomposition of the Free Energy in Terms of Specific Interactions "},
journal = "Journal of Molecular Biology ",
volume = "254",
number = "5",
pages = "801 -- 807",
year = "1995",

doi = "http://dx.doi.org/10.1006/jmbi.1995.0656",
author = "S. Boresch and M. Karplus",
}

@article{mark94,
  author = {Mark, A.E. and van Gunsteren, W.F.},
  Title = {{Decomposition of the Free Energy of a System in Terms of Specific Interactions. Implications for Theoretical and Experimental Studies}},
  year = 1994,
  journal = {Journal of molecular biology},
  volume = 240,
  number = 2,
  pages = {167--76},
  pmid = 8028000,
  doi = {10.1006/jmbi.1994.1430},
  keywords = {}
}

@article{bogan98,
  author = {Bogan, A.A. and Thorn, K.S.},
  Title = {{Anatomy of Hot Spots in Protein Interfaces}},
  year = 1998,
  journal = {Journal of molecular biology},
  volume = 280,
  number = 1,
  pages = {1--9},
  pmid = 9653027,
  doi = {10.1006/jmbi.1998.1843},
  keywords = {}
}
@article{delano02,
  author = {DeLano, W.L.},
  Title = {{Unraveling Hot Spots in Binding Interfaces: Progress and Challenges}},
  year = 2002,
  journal = {Curr. Opin. Struct. Bio.},
  volume = 12,
  number = 1,
  pages = {14--20},
  pmid = 11839484,
  keywords = {}
}

@article{aleksandrov10,
  author = {Aleksandrov, A. and Simonson, T.},
  Title = {{Molecular Dynamics Simulations Show That Conformational Selection Governs the Binding Preferences of Imatinib for Several Tyrosine Kinases}},
  year = 2010,
  journal = {J. Biol. Chem.},
  volume = 285,
  number = 18,
  pages = {13807--15},
  pmid = 20200154,
  doi = {10.1074/jbc.M110.109660},
  keywords = {}
}
@article{seeliger07,
  author = {Seeliger, M.A. and Nagar, B. and Frank, F. and Cao, X. and Henderson, M.N. and Kuriyan, J.},
  Title = {{C-Src Binds to the Cancer Drug Imatinib with an Inactive Abl/c-Kit Conformation and a Distributed Thermodynamic Penalty}},
  year = 2007,
  journal = {Structure (London, England : 1993)},
  volume = 15,
  number = 3,
  pages = {299--311},
  pmid = 17355866,
  doi = {10.1016/j.str.2007.01.015},
  keywords = {}
}

@article{boukharta14,
  author = {Boukharta, L. and Gutiérrez-de-Terán, H. and Aqvist, J.},
  Title = {{Computational Prediction of Alanine Scanning and Ligand Binding Energetics in G-Protein Coupled Receptors}},
  year = 2014,
  journal = {PLoS computational biology},
  volume = 10,
  number = 4,
  pages = {e1003585},
  pmid = 24743773,
  doi = {10.1371/journal.pcbi.1003585},
  keywords = {}
}

@article{brothers10,
  author = {Brothers, S.P. and Wahlestedt, C.},
  Title = {{Therapeutic Potential of Neuropeptide Y (NPY) Receptor Ligands}},
  year = 2010,
  journal = {EMBO molecular medicine},
  volume = 2,
  number = 11,
  pages = {429--39},
  pmid = 20972986,
  keywords = {}
}

@article{simonson97,
author = {Simonson, Thomas and Archontis, Georgios and Karplus, Martin},
Title = {{Continuum Treatment of Long-Range Interactions in Free Energy Calculations. Application to Protein−Ligand Binding.}},
journal = {The Journal of Physical Chemistry B},
volume = {101},
number = {41},
pages = {8349-8362},
year = {1997},
doi = {10.1021/jp9711499},
}

@article{lybrand86,
  author = {Lybrand, T.P. and McCammon, J.A. and Wipff, G.},
  Title = {{Theoretical Calculation of Relative Binding Affinity in Host-Guest Systems}},
  year = 1986,
  journal = {Proc. Natl. Acad. Sci. USA},
  volume = 83,
  number = 4,
  pages = {833--5},
  pmid = 3456569,
  keywords = {}
}
@article{mccammon86,
  author = {McCammon, J.A. and Karim, O.A. and Lybrand, T.P. and Wong, C.F.},
  Title = {{Ionic Association in Water: From Atoms to Enzymes}},
  year = 1986,
  journal = {Annals of the New York Academy of Sciences},
  volume = 482,
  pages = {210--21},
  pmid = 3471105,
  keywords = {}
}

@article{brooks86,
author = {Brooks, Charles L.},
Title = {{Thermodynamics of Ionic Solvation: Monte Carlo Simulations of Aqueous Chloride and Bromide Ions}},
journal = {The Journal of Physical Chemistry},
volume = {90},
number = {25},
pages = {6680-6684},
year = {1986},
doi = {10.1021/j100283a017},
}


@article{Liu12,
author = {Liu, Peng and Dehez, François and Cai, Wensheng and Chipot, Christophe},
Title = {{A Toolkit for the Analysis of Free-Energy Perturbation Calculations}},
journal = {Journal of Chemical Theory and Computation},
volume = {8},
number = {8},
pages = {2606-2616},
year = {2012},
doi = {10.1021/ct300242f},
}



@article{meyer-hermann12,
  author = {Meyer-Hermann, M. and Mohr, E. and Pelletier, N. and Zhang, Y. and Victora, G.D. and Toellner, K.M.},
  Title = {{A Theory of Germinal Center B Cell Selection}, Division, and Exit},
  year = 2012,
  journal = {Cell reports},
  volume = 2,
  number = 1,
  pages = {162--74},
  pmid = 22840406,
  doi = {10.1016/j.celrep.2012.05.010},
  keywords = {}
}
@article{conti21,
  author = {Conti, S. and Kaczorowski, K.J. and Song, G. and Porter, K. and Andrabi, R. and Burton, D.R. and Chakraborty, A.K. and Karplus, M.},
  Title = {{Design of Immunogens to Elicit Broadly Neutralizing Antibodies Against HIV Targeting the CD4 Binding Site}},
  year = 2021,
  journal = {Proc. Natl. Acad. Sci. USA},
  volume = 118,
  number = 9,
  pages = {0},
  pmid = 33637649,
  doi = {10.1073/pnas.2018338118},
  keywords = {}
}
@article{casten88a,
  author = {Casten, L.A. and Kaumaya, P. and Pierce, S.K.},
  Title = {{Enhanced T Cell Responses to Antigenic Peptides Targeted to B Cell Surface Ig}, Ia, or Class I Molecules},
  year = 1988,
  journal = {The Journal of experimental medicine},
  volume = 168,
  number = 1,
  pages = {171--80},
  pmid = 2840479,
  doi = {10.1084/jem.168.1.171},
  keywords = {}
}
@article{lakey88,
  author = {Lakey, E.K. and Casten, L.A. and Niebling, W.L. and Margoliash, E. and Pierce, S.K.},
  Title = {{Time Dependence of B Cell Processing and Presentation of Peptide and Native Protein Antigens}},
  year = 1988,
  journal = {Journal of immunology (Baltimore, Md. : 1950)},
  volume = 140,
  number = 10,
  pages = {3309--14},
  pmid = 2834435,
  keywords = {}
}
@article{casten88,
  author = {Casten, L.A. and Pierce, S.K.},
  Title = {{Receptor-Mediated B Cell Antigen Processing. Increased Antigenicity of a Globular Protein Covalently Coupled to Antibodies Specific for B Cell Surface Structures}},
  year = 1988,
  journal = {Journal of immunology (Baltimore, Md. : 1950)},
  volume = 140,
  number = 2,
  pages = {404--10},
  pmid = 2447176,
  keywords = {}
}
@article{zhang10,
  author = {Zhang, J. and Shakhnovich, E.I.},
  Title = {{Optimality of Mutation and Selection in Germinal Centers}},
  year = 2010,
  journal = {PLoS computational biology},
  volume = 6,
  number = 6,
  pages = {e1000800},
  pmid = 20532164,
  doi = {10.1371/journal.pcbi.1000800},
  keywords = {}
}
@article{kepler93,
  author = {Kepler, T.B. and Perelson, A.S.},
  Title = {{Somatic Hypermutation in B Cells: An Optimal Control Treatment}},
  year = 1993,
  journal = {Journal of theoretical biology},
  volume = 164,
  number = 1,
  pages = {37--64},
  pmid = 8264243,
  doi = {10.1006/jtbi.1993.1139},
  keywords = {}
}
@article{kepler93a,
  author = {Kepler, T.B. and Perelson, A.S.},
  Title = {{Cyclic Re-Entry of Germinal Center B Cells and the Efficiency of Affinity Maturation}},
  year = 1993,
  journal = {Immunology today},
  volume = 14,
  number = 8,
  pages = {412--5},
  pmid = 8397781,
  doi = {10.1016/0167-5699(93)90145-B},
  keywords = {}
}
@article{weisel16,
  author = {Weisel, F.J. and Zuccarino-Catania, G.V. and Chikina, M. and Shlomchik, M.J.},
  Title = {{A Temporal Switch in the Germinal Center Determines Differential Output of Memory B and Plasma Cells}},
  year = 2016,
  journal = {Immunity},
  volume = 44,
  number = 1,
  pages = {116--130},
  pmid = 26795247,
  doi = {10.1016/j.immuni.2015.12.004},
  keywords = {}
}
@article{zhang13,
  author = {Zhang, Y. and Meyer-Hermann, M. and George, L.A. and Figge, M.T. and Khan, M. and Goodall, M. and Young, S.P. and Reynolds, A. and Falciani, F. and Waisman, A. and Notley, C.A. and Ehrenstein, M.R. and Kosco-Vilbois, M. and Toellner, K.M.},
  Title = {{Germinal Center B Cells Govern Their Own Fate Via Antibody Feedback}},
  year = 2013,
  journal = {The Journal of experimental medicine},
  volume = 210,
  number = 3,
  pages = {457--64},
  pmid = 23420879,
  doi = {10.1084/jem.20120150},
  keywords = {}
}
@article{pelissier20,
  author = {P\'elissier, A. and Akrout, Y. and Jahn, K. and Kuipers, J. and Klein, U. and Beerenwinkel, N. and Rodr\'iguez Mart\'inez, M.},
  Title = {{Computational Model Reveals a Stochastic Mechanism Behind Germinal Center Clonal Bursts}},
  year = 2020,
  journal = {Cells},
  volume = 9,
  number = 6,
  pages = {0},
  pmid = 32532145,
  doi = {10.3390/cells9061448},
  keywords = {}
}

@article{allen07,
  author = {Allen, C.D. and Okada, T. and Cyster, J.G.},
  Title = {{Germinal-Center Organization and Cellular Dynamics}},
  year = 2007,
  journal = {Immunity},
  volume = 27,
  number = 2,
  pages = {190--202},
  pmid = 17723214,
  doi = {10.1016/j.immuni.2007.07.009},
  keywords = {}
}
@article{allen07a,
  author = {Allen, C.D. and Okada, T. and Tang, H.L. and Cyster, J.G.},
  Title = {{Imaging of Germinal Center Selection Events During Affinity Maturation}},
  year = 2007,
  journal = {Science (New York, N.Y.)},
  volume = 315,
  number = 5811,
  pages = {528--31},
  pmid = 17185562,
  doi = {10.1126/science.1136736},
  keywords = {}
}
@article{wittenbrink11,
  author = {Wittenbrink, N. and Klein, A. and Weiser, A.A. and Schuchhardt, J. and Or-Guil, M.},
  Title = {{Is There a Typical Germinal Center? a Large-Scale Immunohistological Study on the Cellular Composition of Germinal Centers During the Hapten-Carrier-Driven Primary Immune Response in Mice}},
  year = 2011,
  journal = {Journal of immunology (Baltimore, Md. : 1950)},
  volume = 187,
  number = 12,
  pages = {6185--96},
  pmid = 22102720,
  doi = {10.4049/jimmunol.1101440},
  keywords = {}
}
@article{mayer19,
  author = {Mayer, A. and Zhang, Y. and Perelson, A.S. and Wingreen, N.S.},
  Title = {{Regulation of T Cell Expansion by Antigen Presentation Dynamics}},
  year = 2019,
  journal = {Proc. Natl. Acad. Sci. USA},
  volume = 116,
  number = 13,
  pages = {5914--5919},
  pmid = 30850527,
  doi = {10.1073/pnas.1812800116},
  keywords = {}
}
@article{eggink14,
  author = {Eggink, D. and Goff, P.H. and Palese, P.},
  Title = {{Guiding the Immune Response Against Influenza Virus Hemagglutinin Toward the Conserved Stalk Domain by Hyperglycosylation of the Globular Head Domain}},
  year = 2014,
  journal = {Journal of virology},
  volume = 88,
  number = 1,
  pages = {699--704},
  pmid = 24155380,
  doi = {10.1128/JVI.02608-13},
  keywords = {}
}

}

@article{ise18,
  author = {Ise, W. and Fujii, K. and Shiroguchi, K. and Ito, A. and Kometani, K. and Takeda, K. and Kawakami, E. and Yamashita, K. and Suzuki, K. and Okada, T. and Kurosaki, T.},
  Title = {{T Follicular Helper Cell-Germinal Center B Cell Interaction Strength Regulates Entry into Plasma Cell or Recycling Germinal Center Cell Fate}},
  year = 2018,
  journal = {Immunity},
  volume = 48,
  number = 4,
  pages = {702--715.e4},
  pmid = 29669250,
  doi = {10.1016/j.immuni.2018.03.027},
  keywords = {}
}

@article{ise19,
  author = {Ise, W. and Kurosaki, T.},
  Title = {{Plasma Cell Differentiation During the Germinal Center Reaction}},
  year = 2019,
  journal = {Immunological reviews},
  volume = 288,
  number = 1,
  pages = {64--74},
  pmid = 30874351,
  doi = {10.1111/imr.12751},
  keywords = {}
}
@article{harris13,
  author = {Harris, A.K. and Meyerson, J.R. and Matsuoka, Y. and Kuybeda, O. and Moran, A. and Bliss, D. and Das, S.R. and Yewdell, J.W. and Sapiro, G. and Subbarao, K. and Subramaniam, S.},
  Title = {{Structure and Accessibility of Ha Trimers on Intact 2009 H1N1 Pandemic Influenza Virus to Stem Region-Specific Neutralizing Antibodies}},
  year = 2013,
  journal = {Proc. Natl. Acad. Sci. USA},
  volume = 110,
  number = 12,
  pages = {4592--7},
  pmid = 23460696,
  doi = {10.1073/pnas.1214913110},
  keywords = {}
}

@article{oprea97,
    author={M. Oprea and A. S. Perelson},
    year={1997},
    Title = {{Somatic Mutation Leads to Efficient Affinity Maturation When Centrocytes Recycle Back to Centroblasts}},
    journal={J. Immunol.},
    pages={5155--5162},
    volume={158}
}
@article{rundell98,
  author = {Rundell, A. and DeCarlo, R. and HogenEsch, H. and Doerschuk, P.},
  Title = {{The Humoral Immune Response to Haemophilus Influenzae Type B: A Mathematical Model Based on T-Zone and Germinal Center B-Cell Dynamics}},
  year = 1998,
  journal = {Journal of theoretical biology},
  volume = 194,
  number = 3,
  pages = {341--81},
  pmid = 9778443,
  doi = {10.1006/jtbi.1998.0751},
  keywords = {}
}

@article{gitlin15,
  author = {Gitlin, A.D. and Mayer, C.T. and Oliveira, T.Y. and Shulman, Z. and Jones, M.J. and Koren, A. and Nussenzweig, M.C.},
  Title = {{HUMORAL IMMUNITY. T Cell Help Controls the Speed of the Cell Cycle in Germinal Center B Cells}},
  year = 2015,
  journal = {Science (New York, N.Y.)},
  volume = 349,
  number = 6248,
  pages = {643--6},
  pmid = 26184917,
  doi = {10.1126/science.aac4919},
  keywords = {}
}
@article{amitai20,
  author = {Amitai, A. and Sangesland, M. and Barnes, R.M. and Rohrer, D. and Lonberg, N. and Lingwood, D. and Chakraborty, A.K.},
  Title = {{Defining and Manipulating B Cell Immunodominance Hierarchies to Elicit Broadly Neutralizing Antibody Responses Against Influenza Virus}},
  year = 2020,
  journal = {Cell systems},
  volume = 11,
  number = 6,
  pages = {573--588.e9},
  pmid = 33031741,
  doi = {10.1016/j.cels.2020.09.005},
  keywords = {}
}
@article{meyer-hermann02,
  author = {Meyer-Hermann, M.},
  Title = {{A Mathematical Model for the Germinal Center Morphology and Affinity Maturation}},
  year = 2002,
  journal = {Journal of theoretical biology},
  volume = 216,
  number = 3,
  pages = {273--300},
  pmid = 12183119,
  doi = {10.1006/jtbi.2002.2550},
  keywords = {}
}
@article{meyer-hermann02a,
  author = {Meyer-Hermann, M.},
  Title = {{Does Recycling in Germinal Centres Exist?}},
  year = 2002,
  journal = {Immunology and cell biology},
  volume = 80,
  number = 1,
  pages = {30--5},
  pmid = 11869360,
  doi = {10.1046/j.1440-1711.2002.01052.x},
  keywords = {}
}

@article{robert18,
  author = {Robert, P.A. and Marschall, A.L. and Meyer-Hermann, M.},
  Title = {{Induction of Broadly Neutralizing Antibodies in Germinal Centre Simulations}},
  year = 2018,
  journal = {Current opinion in biotechnology},
  volume = 51,
  pages = {137--145},
  pmid = 29414440,
  doi = {10.1016/j.copbio.2018.01.006},
  keywords = {}
}

@article{anderson09,
  author = {Anderson, S.M. and Khalil, A. and Uduman, M. and Hershberg, U. and Louzoun, Y. and Haberman, A.M. and Kleinstein, S.H. and Shlomchik, M.J.},
  Title = {{Taking Advantage: High-Affinity B Cells in the Germinal Center Have Lower Death Rates}, but Similar Rates of Division, Compared to Low-Affinity Cells},
  year = 2009,
  journal = {Journal of immunology (Baltimore, Md. : 1950)},
  volume = 183,
  number = 11,
  pages = {7314--25},
  pmid = 19917681,
  doi = {10.4049/jimmunol.0902452},
  keywords = {}
}

@article{kelsoe95,
    author={G. Kelsoe},
    year={1995},
    journal={Adv. Immunol.},
    Title={ {\it in Situ} Studies of the Germinal Center Reaction.},
    pages={267--288},
    volume={60}
}
@article{amitai17,
  author = {Amitai, A. and Mesin, L. and Victora, G.D. and Kardar, M. and Chakraborty, A.K.},
  Title = {{A Population Dynamics Model for Clonal Diversity in a Germinal Center}},
  year = 2017,
  journal = {Frontiers in microbiology},
  volume = 8,
  pages = {1693},
  pmid = 28955307,
  doi = {10.3389/fmicb.2017.01693},
  keywords = {}
}
@article{leanderson92,
  author = {Leanderson, T. and K\"allberg, E. and Gray, D.},
  Title = {{Expansion}, Selection and Mutation of Antigen-Specific B Cells in Germinal Centers},
  year = 1992,
  journal = {Immunological reviews},
  volume = 126,
  pages = {47--61},
  pmid = 1375924,
  doi = {10.1111/j.1600-065x.1992.tb00630.x},
  keywords = {}
}

@article{wang17,
    doi = {10.1371/journal.pcbi.1005336},
    author = {Wang, Shenshen},
    journal = {PLOS Computational Biology},
    publisher = {Public Library of Science},
    Title = {{Optimal Sequential Immunization Can Focus Antibody Responses Against Diversity Loss and Distraction}},
    year = {2017},
    
    volume = {13},
    pages = {1-27},
    number = {1},
}
@article{crotty14,
  author = {Crotty, S.},
  Title = {{T Follicular Helper Cell Differentiation}, Function, and Roles in Disease},
  year = 2014,
  journal = {Immunity},
  volume = 41,
  number = 4,
  pages = {529--42},
  pmid = 25367570,
  doi = {10.1016/j.immuni.2014.10.004},
  keywords = {}
}

@article{liu89,
  author = {Liu, Y.J. and Joshua, D.E. and Williams, G.T. and Smith, C.A. and Gordon, J. and MacLennan, I.C.},
  Title = {{Mechanism of Antigen-Driven Selection in Germinal Centres}},
  year = 1989,
  journal = {Nature},
  volume = 342,
  number = 6252,
  pages = {929--31},
  pmid = 2594086,
  doi = {10.1038/342929a0},
  keywords = {}
}

@article{zhou17,
  author = {Zhou, T. and Doria-Rose, N.A. and Cheng, C. and Stewart-Jones, G.B.E. and Chuang, G.Y. and Chambers, M. and Druz, A. and Geng, H. and McKee, K. and Kwon, Y.D. and O'Dell, S. and Sastry, M. and Schmidt, S.D. and Xu, K. and Chen, L. and Chen, R.E. and Louder, M.K. and Pancera, M. and Wanninger, T.G. and Zhang, B. and Zheng, A. and Farney, S.K. and Foulds, K.E. and Georgiev, I.S. and Joyce, M.G. and Lemmin, T. and Narpala, S. and Rawi, R. and Soto, C. and Todd, J.P. and Shen, C.H. and Tsybovsky, Y. and Yang, Y. and Zhao, P. and Haynes, B.F. and Stamatatos, L. and Tiemeyer, M. and Wells, L. and Scorpio, D.G. and Shapiro, L. and McDermott, A.B. and Mascola, J.R. and Kwong, P.D.},
  Title = {{Quantification of the Impact of the HIV-1-Glycan Shield on Antibody Elicitation}},
  year = 2017,
  journal = {Cell reports},
  volume = 19,
  number = 4,
  pages = {719--732},
  pmid = 28445724,
  doi = {10.1016/j.celrep.2017.04.013},
  keywords = {}
}

@article{cella97,
  author = {Cella, M. and Engering, A. and Pinet, V. and Pieters, J. and Lanzavecchia, A.},
  Title = {{Inflammatory Stimuli Induce Accumulation of MHC Class II Complexes on Dendritic Cells}},
  year = 1997,
  journal = {Nature},
  volume = 388,
  number = 6644,
  pages = {782--7},
  pmid = 9285591,
  doi = {10.1038/42030},
  keywords = {}
}
@article{maclennan92,
  author = {MacLennan, I.C. and Liu, Y.J. and Johnson, G.D.},
  Title = {{Maturation and Dispersal of B-Cell Clones During T Cell-Dependent Antibody Responses}},
  year = 1992,
  journal = {Immunological reviews},
  volume = 126,
  pages = {143--61},
  pmid = 1597318,
  doi = {10.1111/j.1600-065x.1992.tb00635.x},
  keywords = {}
}
@article{liu92,
  author = {Liu, Y.J. and Johnson, G.D. and Gordon, J. and MacLennan, I.C.},
  Title = {{Germinal Centres in T-Cell-Dependent Antibody Responses}},
  year = 1992,
  journal = {Immunology today},
  volume = 13,
  number = 1,
  pages = {17--21},
  pmid = 1739427,
  doi = {10.1016/0167-5699(92)90199-H},
  keywords = {}
}
@article{el-shikh10,
  author = {El Shikh, M.E. and El Sayed, R.M. and Sukumar, S. and Szakal, A.K. and Tew, J.G.},
  Title = {{Activation of B Cells by Antigens on Follicular Dendritic Cells}},
  year = 2010,
  journal = {Trends in immunology},
  volume = 31,
  number = 6,
  pages = {205--11},
  pmid = 20418164,
  doi = {10.1016/j.it.2010.03.002},
  keywords = {}
}
@book{Frenkel01,
    author={D. Frenkel and B. Smit},
    Title = {{Understanding Molecular Simulation: From Algorithms to Applications}},
    publisher={Academic Press},
    edition={Second},
    address={San Diego},
    year={2001}
}

@book{Hill86,
    author={Terrell. L. Hill},
    year={1986},
    Title = {{An Introduction to Statistical Thermodynamics}},
    publisher={Dover},
    address={New York},
}


@book{Marcinkiewicz64,
    author={J\'ozef Marcinkiewics},
    year={1964},
    editor={A. Zygmund},
    Title = {{Collected Papers}},
    publisher={Pa\'nstwowe Wydawnictwo Naukowe},
    address={Warsaw},
    pages={463-469}
}

@book{McQuarrie76,
    author={D.A. McQuarrie},
    year={1976},
    Title = {{Statistical Mechanics}},
    publisher={Harper \& Row},
    address={New York},
}


@book{norris,
    author={J.R. Norris},
    year={2004},
    Title = {{Markov Chains}},
    publisher={Cambridge Series in Statistical and Probabilistic Mathematics. Cambridge University Press},
    address={Cambridge},
}
@book{Risken89,
    author={H. Risken},
    year={1989},
    Title = {{The Fokker-Planck Equation. Methods of Solution and Applications}},
    publisher={Springer-Verlag},
    edition={second},
}

@book{Reif65,
    author={F. Reif},
    year={1965},
    Title = {{Fundamentals of Statistical and Thermal Physics}},
    address={New York},
    edition={first},
    publisher={McGraw-Hill}
}

@book{numrec, 
    author={W.H. Press and B.P. Flannery and S.A. Teukolsky and W.T. Vetterling},
    Title = {{Numerical Recipes in FORTRAN 77: The Art of Scientific Computing}}, 
    publisher={Cambridge University Press},
    year={1992},
    edition={Second}
}
@book{Press92, 
    author={W.H. Press and B.P. Flannery and S.A. Teukolsky and W.T. Vetterling},
    Title = {{Numerical Recipes in FORTRAN 77: The Art of Scientific Computing}}, 
    publisher={Cambridge University Press},
    year={1992},
    edition={Second}
}
@book{Gardiner03, 
    author={C.W. Gardiner},
    Title = {{Handbook of Stochastic Methods}},
    publisher={Springer-Verlag},
    year={2003},
    edition={Third},
    address={Berlin}
}


@book{matlab,
    author = {MATLAB},
    year = {2010},
    Title = {{Version 7.10.0 (R2010a)}},
    publisher = {The MathWorks Inc.},
    address = {Natick, Massachusetts}
}

@book{Altmann05, 
    author={S.L. Altmann},
    Title = {{Rotations}, Quaternions, and Double Groups}, 
    publisher={Dover Publications},
    address={New York},
    year={2005}
}

@book{Fersht98,
    author={A. Fersht},
    Title = {{{Structure and Mechanism in Protein Science: A Guide to Enzyme Catalysis and Protein Folding}}},
    year={1998},
    publisher={W. H. Freeman},
    address={New York}
}

@book{Wilson55,
    author={E.B. {Wilson Jr.} and J.C. Decius and P.C. Cross},
    year={1955},
    Title = {{Molecular Vibrations}},
    publisher={McGraw-Hill},
    address={New York}
}

@book{Allen89,
 author = {Allen, M. P. and Tildesley, D. J.},
 Title = {{Computer Simulation of Liquids}},
 year = {1989},
 
 publisher = {Clarendon Press},
 address = {New York, NY, USA},
} 

@book{Rapaport96,
 author = {Rapaport, D. C.},
 Title = {{The  Art of Molecular Dynamics Simulation}},
 year = {1996},
 
 publisher = {Cambridge University Press},
 address = {New York, NY, USA},
}

@book{octave,
 author    = {John W. Eaton and David Bateman and S\/oren Hauberg and Rik Wehbring},
 Title = {{{GNU Octave} Version 4.0.0 Manual: A High-Level Interactive Language for Numerical Computations}},
 year      = {2015},
 url       = {http://www.gnu.org/software/octave/doc/interpreter},
}

@misc{g3data,
    author={J. Frantz},
    year={2000},
    Title = {{{g3data : Grab Graph Data}, a Program for Extracting Data from Graphs}},
    howpublished={\url{http://www.frantz.fi/software/g3data.php} },
    
    version={1.5.4}
}

@book{Russel89,
    author={W.B. Russel and D. A. Saville and W.R. Schowalter },
    year={1989},
    Title = {{Colloidal Dispersions}},
    Publisher={Cambridge University Press},
    address={Cambridge, UK},
    isbn={0521426006}
}

@book{Abramowitz70,
  address = {{New York}},
  author = {Abramowitz, M. and Stegun, I.},
  publisher = {{Dover Publications Inc.}},
  Title = {{{Handbook of Mathematical Functions}}},
  year = 1970
}

@book{Alberts02,
    author={Alberts, B. and Johnson, A. and Lewis, J. and Raf, M. and Roberts, K. and Walter, P.},
    year={2002},
    Title = {{Molecular Biology of the Cell}},
    publisher={Garland Science},
    address={New York},
    edition={Fourth}
}

@book{Moin01,
    author={P. Moin},
    year={2001},
    Title = {{Fundamentals of Engineering Numerical Analysis}},
    publisher={Cambridge University Press}
}

@book{Janeway8,
    author={K. Murphy},
    year={2012},
    Title = {{Janeway's Immunobiology}},
    publisher={Garland Science},
    edition={Eighth},
    address={New York},
}
@article{cohen21,
  author = {Cohen, A.A. and Gnanapragasam, P.N.P. and Lee, Y.E. and Hoffman, P.R. and Ou, S. and Kakutani, L.M. and Keeffe, J.R. and Wu, H.J. and Howarth, M. and West, A.P. and Barnes, C.O. and Nussenzweig, M.C. and Bjorkman, P.J.},
  Title = {{Mosaic Nanoparticles Elicit Cross-Reactive Immune Responses to Zoonotic Coronaviruses in Mice}},
  year = 2021,
  journal = {Science (New York, N.Y.)},
  volume = 371,
  number = 6530,
  pages = {735--741},
  pmid = 33436524,
  doi = {10.1126/science.abf6840},
  keywords = {}
}
@article{andersen20,
  author = {Andersen, K.G. and Rambaut, A. and Lipkin, W.I. and Holmes, E.C. and Garry, R.F.},
  Title = {{The Proximal Origin of SARS-CoV-2}},
  year = 2020,
  journal = {Nature medicine},
  volume = 26,
  number = 4,
  pages = {450--452},
  pmid = 32284615,
  doi = {10.1038/s41591-020-0820-9},
  keywords = {}
}
@article{Bahl18,
 author={G. W. Buchko and S.V.S.R.K. Pulavarti and V. Ovchinnikov and E. A. Shaw and S. A. Rettie and P. J. Myler and M. Karplus and T. Szyperski D. Baker and C. D. Bahl},
 Title = {{{Cytosolic Expression}, Solution Structures, and Molecular Dynamics Simulatioin of Genetically Encodable Disulfide-Rich {\it De Novo} Designed Peptides}},
 year={2018},
 journal={Prot.~Sci},
 volume={in press},
 pages={}
}

@article{Ovchinnikov18b,
 author={V. Ovchinnikov and T. A. Stone and C. Deber and M. Karplus},
 Title={{Structure of the \textit{EmrE} Multidrug Transporter and Its Use for Inhibitor Peptide Design}},
 year={2018},
 journal={Proc. Natl. Acad. Sci. USA},
 volume={115},
 number={34},
 pages={E7942}
}

@article{Ovchinnikov18a,
 author={V. Ovchinnikov and J. Louveau and J. Barton and M. Karplus and A. K. Chakraborty},
 Title = {{{Role of Framework Mutations and Antibody Flexibility in the Evolution of Broadly Neutralizing Antibodies}}},
 year={2018},
 journal={eLife},
 volume={7},
 number={33038},
 pages={1-24}
}

@article{Meroz16a,
  author={Y. Meroz and V. Ovchinnikov and M. Karplus},
  year={2016},
  Title = {{A Simple Model of Subdiffusion over Hierarchical Energy Landscapes}},
  journal={in preparation}
}

@article{Meroz17,
  author={Y. Meroz and V. Ovchinnikov and M. Karplus},
  year={2017},
  Title = {{{Coexisting Origins of Subdiffusion in Internal Dynamics of Proteins}}},
  journal={Phys. Rev. E},
  volume={95},
  pages={062403},
  doi={http://dx.doi.org/10.1103/PhysRevE.95.062403}
}

@article{Lu17,
  author = {Lu, Xiya and Ovchinnikov, Victor and Demapan, Darren and Roston, Daniel and Cui, Qiang},
  Title = {{Regulation and Plasticity of Catalysis in Enzymes: Insights from Analysis of Mechanochemical Coupling in Myosin}},
  journal = {Biochemistry},
  year = {2017},
  pages={1482--1497},
  volume={56},
  number={10},
  doi = {10.1021/acs.biochem.7b00016},
  
  URL = {http://dx.doi.org/10.1021/acs.biochem.7b00016},
}

@article{Ovchinnikov16,
    author={V. Ovchinnikov and K. Nam and M. Karplus},
    year={2016},
    Title = {{{a Simple and Accurate Method to Calculate Free Energy Profiles and Reaction Rates from Restrained Molecular Simulations of Diffusive Processes}}},
    journal={J. Phys. Chem. B},
    pages={8457-8472},
    doi = {10.1021/acs.jpcb.6b02139},
    volume={120}
}

@article{Lu16,
    author={X. Lu and D. Fang and S. Ito and Y. Okamoto and V. Ovchinnikov and Q. Cui},
    year={2016},
    Title = {{{QM/MM} Free Energy Simulations: Recent Progress and Challenges}},
    journal={Mol. Sim.},
    pages={1052-1078},
    volume={42},
    doi={10.1080/08927011.2015.1132317}
}

@article{Ojeda-May15,
    author={Ojeda-May, P. and Li, Y. and Ovchinnikov, V. and Nam, K.},
    year={2015},
    Title = {{{Role of Protein Dynamics in Allosteric Control of the Catalytic Phosphoryl Transfer of Insulin Receptor Kinase}}},
    journal={J. Am. Chem. Soc.},
    pages={12454-12457},
    volume={137},
    doi={10.1021/jacs.5b07996}
}
@article{Ovchinnikov14,
  author = {Ovchinnikov, V. and Karplus, M.},
  Title = {Investigations of $\alpha$-Helix$\leftrightarrow\beta$-Sheet Transition Pathways in a Miniprotein Using the Finite-Temperature String Method},
  year = 2014,
  journal = {J. Chem. Phys.},
  volume = 140,
  number = 17,
  pages = {175103},
  pmid = 24811667,
  doi = {10.1063/1.4871685},
  keywords = {}
}


@article{Ovchinnikov16a,
    author={V. Ovchinnikov and M. Karplus},
    year={2016},
    Title = {{A Restrained Locally Enhanced Sampling Method ({RLES}) for Finding Free Energy Minima in Complex Systems}},
    journal={in preparation},
    pages={},
    volume={}
}
@article{Ovchinnikov13a,
    author={V. Ovchinnikov and M. Cecchini and M. Karplus},
    year={2013},
    Title = {{{a Simplified Confinement Method (SCM) for Calculating Absolute Free Energies and Free Energy and Entropy Differences}}},
    journal={J. Phys. Chem. B},
    doi={doi=10.1021/jp3080578},
    pages={750--762},
    volume={117},
    note={PMC3569517}
}
@article{Ovchinnikov12,
    author={V. Ovchinnikov and M. Karplus},
    year={2012},
    Title={Analysis and Elimination of a Bias in Targeted Molecular Dynamics Simulations of Conformational Transitions:
            Application to {Calmodulin}},
    journal={J. Phys. Chem. B},
    doi={doi=10.1021/jp212634z},
    pages={8584--8603},
    volume={116},
    note={PMC3406239}
}
@article{Ovchinnikov10,
    author={V. Ovchinnikov and B.L. Trout and M. Karplus},
    year={2010},
    Title = {{Mechanical Coupling in Myosin {V}: A Simulation Study.}},
    journal={J. Mol. Biol.},
    pages={815--833},
    volume={395},
    note={PMC2813401}
}
@article{Ovchinnikov11a,
    author={V. Ovchinnikov and M. Karplus and E. Vanden-Eijnden},
    year={2011},
    volume={134},
    journal={J. Chem. Phys.},
    pages={085103},
    Title = {{Free Energy of Conformational Transition Paths in Biomolecules: The String Method and Its Application to Myosin {VI}}},
    note={PMC3060930}
}
@article{Ovchinnikov11b,
    author={V. Ovchinnikov and M. Cecchini and E. Vanden-Eijnden and M. Karplus},
    year={2011},
    Title = {{A Conformational Transition in the Myosin {VI} Converter Contributes to the Variable Step Size}},
    journal={Biophys. J.},
    pages={2436-2444},
    volume={101},
    note={PMC3218336}
}
@article{Ovchinnikov08,
    author={V. Ovchinnikov and M. M. Choudhari and U. Piomelli},
    year={2008},
    Title = {{Numerical Simulations of Boundary-Layer Bypass Transition Due to High-Amplitude Free-Stream Turbulence}},
    journal={J. Fluid Mech.},
    pages={135-169},
    volume={613}
}
@article{Ovchinnikov06,
    author={V. Ovchinnikov and M. M. Choudhari and U. Piomelli},
    year={2006},
    Title = {{Numerical Simulations of Boundary-Layer Bypass Transition Induced by a Cylinder Wake}},
    journal={J. Fluid Mech.},
    pages={413-441},
    volume={547}
}
@article{Brooks09,
     author={B.R. Brooks and C.L. {Brooks~III} and A.D. {Mackerell~Jr.} and L. Nilsson and R.J. Petrella and B. Roux and
             Y. Won and G. Archontis and C. Bartels and S. Boresch and et. al},
     Title = {{{CHARMM}: The Biomolecular Simulation Program}},
     journal={J. Comput. Chem.},
     volume={30}, 
     pages={1545--1614},
     year={2009},
     note={PMC2810661}
}

@article{Ovchinnikov20b,
  author = {Ovchinnikov, V. and Conti, S. and Karplus, M.},
  Title = {{A Restrained Locally Enhanced Sampling Method (RLES) for Finding Free Energy Minima in Complex Systems}},
  year = 2020,
  journal = {J. Chem. Phys.},
  volume = 153,
  number = 12,
  pages = {121103},
  pmid = 33003727,
  doi = {10.1063/5.0018026},
  keywords = {}
}
@article{Shigdel20,
  author = {Shigdel, U.K. and Ovchinnikov, V. and Lee, S.J. and Shih, J.A. and Karplus, M. and Nam, K. and Verdine, G.L.},
  Title = {{The Trajectory of Intrahelical Lesion Recognition and Extrusion by the Human 8-Oxoguanine DNa Glycosylase}},
  year = 2020,
  journal = {Nat. Commun.},
  volume = 11,
  number = 1,
  pages = {4437},
  pmid = 32895378,
  doi = {10.1038/s41467-020-18290-2},
  keywords = {}
}
@article{Ovchinnikov20a,
  author = {Ovchinnikov, V. and Conti, S. and Lau, E.Y. and Lightstone, F.C. and Karplus, M.},
  Title = {{Microsecond Molecular Dynamics Simulations of Proteins Using a Quasi-Equilibrium Solvation Shell Model}},
  year = 2020,
  journal = {J. Chem. Theor. Comput.},
  volume = 16,
  number = 3,
  pages = {1866--1881},
  pmid = 32045240,
  doi = {10.1021/acs.jctc.9b01072},
  keywords = {}
}

@incollection{Ovchinnikov21,
    author={V. Ovchinnikov and A. Munasinghe and M. Karplus},
    year={2021},
    Title = {{Molecular Simulation of Stapled Peptides}},
    Booktitle={Computational Peptidology: Methods and Protocols, Methods in Molecular Biology},
    publisher={Springer},
    address={New York},
    editor={T.~Simonson},
    pages={in press}
}

@article{Ovchinnikov21b,
    author={Ovchinnikov, V. and Karplus, M.},
    year={2021},
    Title = {{A Coarse-Grained Model of Affinity Maturation Indicates the Importance of B-Cell Receptor Avidity in Epitope Subdominance}},
    journal={in preparation},
    pages={},
    volume={}
}

@article{Ojeda-May21,
    author={Pedro Ojeda-May and Ameeq Ui Mushtaq and Per Rogne and Apoorva Verma and Victor Ovchinnikov and
            Christin Grundstr\"om and Beata Dulko-Smith and Uwe H. Sauer and Magnus Wolf-Watz and Kwangho Nam},
    year={2021},
    Title = {{Dynamic Connection Between Enzymatic Catalysis and Collective Protein Motions}},
    journal={Biohemistry},
    doi={doi.org/10.1021/acs.biochem.1c00221},
    pages={in press},
}

@article{Sprenger21,
    author={K. Sprenger and S. Conti and V. Ovchinnikov and A. Chakraborty and M. Karplus},
    year={2021},
    journal={submitted, PLoS Computational Biology},
    Title={Multiscale Affinity Maturation Simulations to Elicit Broadly Neutralizing Antibodies Against HIV}
}
@article{MacKerell04,
    author={A.D. {MacKerell~Jr} and M. Feig and C.L. {Brooks~III}},
    year={2004},
    Title={Extending the Treatment of Backbone Energetics in Protein Force Fields: Limitations
           of Gas-Phase Quantum Mechanics in Reproducing Protein Conformational
           Distributions in Molecular Dynamics Simulations},
    journal={J. Comput. Chem.},
    pages={1400-1415},
    volume={25}
}

@article{Best12,
    author={R.B. Best and X. Zhu and J. Shim and P. Lopes and J. Mittal and M. Feig and A.D. {MacKerell~Jr.}},
    year={2012},
    Title={{Optimization of the Additive {CHARMM} All-Atom Protein Force Field Targeting Improved Sampling of the Backbone 
    $\phi$, $\psi$ and Side-Chain $\chi_1$ and $\chi_2$ Dihedral Angles}},
    journal={J. Chem. Theor. Comput.},
    pages={3257-3273},
    volume={8}
}

@article{Hart12,
    author={Hart, K. and  Foloppe, N. and Baker, C.M. and Denning, E.J. and Nilsson, L. and {MacKerell Jr}., A.D. },
    Title = {{{Optimization of the CHARMM Additive Force Field for DNA: Improved Treatment of the BI/BII Conformational Equilibrium}}},
    journal={J. Chem. Theor. Comput.},
    volume={8},
    pages={348-362},
    year={2012}
}

@article{Cornell95,
    author = {Cornell, Wendy D. and Cieplak, Piotr and Bayly, Christopher I. and Gould, Ian R. and Merz, Kenneth M. and Ferguson, David M. and Spellmeyer, David C. and Fox, Thomas and Caldwell, James W. and Kollman, Peter A.},
    Title = {{A Second Generation Force Field for the Simulation of Proteins}, Nucleic Acids, and Organic Molecules},
    journal = {J. Am. Chem. Soc.},
    volume = {117},
    number = {19},
    pages = {5179-5197},
    year = {1995},
    doi = {10.1021/ja00124a002},
}

@article{Lim11,
    author={J. Lim and B. Rogaski and J. B. Klauda},
    year={2012},
    Title = {{Update of the Cholesterol Force Field Parameters in {CHARMM}}},
    journal={J. Phys. Chem. B},
    pages={203--210},
    volume={116}
}

@article{Klauda10,
    author={J. B. Klauda and R. M. Venable and J. A. Freites and J. W. O'Connor and D.J. Tobias and C. Mondragon-Ramirez and I. Vorobyev and
    A. D. {MacKerell Jr.} and R. W. Pastor},
    year={2010},
    Title = {{Update of the CHARMM All-Atom Additive Force Field for Lipids: Validation on Six Lipid Types}},
    journal={J. Phys. Chem. B},
    pages={7830--7843},
    volume={114}
}

@article{Vano09,
    author={K. Vanommeslaeghe and E. Hatcher and C. Acharya and S. Kundu and S. Zhong and J. Shim and E. Darwin and O. Guvench and P. Lopes and I. Vorobyev and A.D. {MacKerell Jr.}},
    year={2009},
    Title = {{{CHARMM} General Force Field: A Force Field and Drug-like Molecules Compatible with the {CHARMM} All-Atom Additive Biological Force Fields}},
    journal={J. Comput. Chem.},
    pages={671--690},
    volume={31}
}

@article{Lybrand85,
    author={T. Lybrand and P. Kollman},
    year={1985},
    Title = {{Molecular Mechanical Calculations on the Interaction of Ethidium Cation with Double-Helical {DNA}}},
    journal={Biopolymers},
    pages={1863--1879},
    volume={24}
}

@article{Halgren96,
    author={T.A. Halgren},
    year={1996},
    Title = {{Merck Molecular Force Field. {I}. Basis}, Form, Scope, Parameterization, and Performance of MMFF94},
    journal={J. Comput. Chem.},
    pages={490--519},
    volume={17}
}

@article{Jo09,
    author={S. Jo and J.B. Lim and J.B. Klauda and W. Im},
    year={2009},
    Title = {{{CHARMM-GUI} Membrane Builder for Mixed Bilayers and Its Application to Yeast Membranes}},
    journal={Biophys. J.},
    pages={50--58},
    volume={97}
}

@article{Neria96,
    author={E. Neria and S. Fischer and M. Karplus},
    year={1996},
    Title = {{Simulation of Activation Free Energies in Molecular Systems}},
    journal={J. Chem. Phys.},
    pages={1902-1921},
    volume={105}
}

@article{Guvench11,
  author = {Guvench, O. and Mallajosyula, S.S. and Raman, E.P. and Hatcher, E. and Vanommeslaeghe, K. and Foster, T.J. and Jamison, F.W. and Mackerell, A.D.},
  Title = {{CHARMM Additive All-Atom Force Field for Carbohydrate Derivatives and Its Utility in Polysaccharide and Carbohydrate-Protein Modeling}},
  year = 2011,
  journal = {J. Chem. Theor. Comput.},
  volume = 7,
  number = 10,
  pages = {3162--3180},
  pmid = 22125473,
  doi = {10.1021/ct200328p},
  keywords = {}
}

@article{Jorgensen05,
  author = {Jorgensen, W.L. and Tirado-Rives, J.},
  Title = {{Potential Energy Functions for Atomic-Level Simulations of Water and Organic and Biomolecular Systems}},
  year = 2005,
  journal = {Proc. Natl. Acad. Sci. USA},
  volume = 102,
  number = 19,
  pages = {6665--70},
  pmid = 15870211,
  doi = {10.1073/pnas.0408037102},
  keywords = {}
}


@article{strauch2017,
  author = {Strauch, E.M. and Bernard, S.M. and La, D. and Bohn, A.J. and Lee, P.S. and Anderson, C.E. and Nieusma, T. and Holstein, C.A. and Garcia, N.K. and Hooper, K.A. and Ravichandran, R. and Nelson, J.W. and Sheffler, W. and Bloom, J.D. and Lee, K.K. and Ward, A.B. and Yager, P. and Fuller, D.H. and Wilson, I.A. and Baker, D.},
  Title = {{Computational Design of Trimeric Influenza-Neutralizing Proteins Targeting the Hemagglutinin Receptor Binding Site}},
  abstract = {Many viral surface glycoproteins and cell surface receptors are homo-oligomers, and thus can potentially be targeted by geometrically matched homo-oligomers that engage all subunits simultaneously to attain high avidity and/or lock subunits together. The adaptive immune system cannot generally employ this strategy since the individual antibody binding sites are not arranged with appropriate geometry to simultaneously engage multiple sites in a single target homo-oligomer. We describe a general strategy for the computational design of homo-oligomeric protein assemblies with binding functionality precisely matched to homo-oligomeric target sites. In the first step, a small protein is designed that binds a single site on the target. In the second step, the designed protein is assembled into a homo-oligomer such that the designed binding sites are aligned with the target sites. We use this approach to design high-avidity trimeric proteins that bind influenza A hemagglutinin (HA) at its conserved receptor binding site. The designed trimers can both capture and detect HA in a paper-based diagnostic format, neutralizes influenza in cell culture, and completely protects mice when given as a single dose 24 h before or after challenge with influenza.},
  year = {2017},
  journal = {Nature biotechnology},
  volume = {35},
  number = {7},
  pages = {667--671},
  type = {Journal Article},
  pmid = {28604661},
  doi = {10.1038/nbt.3907}
}

@article{bommakanti12,
  author = {Bommakanti, G. and Lu, X. and Citron, M.P. and Najar, T.A. and Heidecker, G.J. and ter Meulen, J. and Varadarajan, R. and Liang, X.},
  Title = {{Design of Escherichia Coli-Expressed Stalk Domain Immunogens of H1N1 Hemagglutinin That Protect Mice from Lethal Challenge}},
  year = 2012,
  journal = {Journal of virology},
  volume = 86,
  number = 24,
  pages = {13434--44},
  pmid = 23015722,
  doi = {10.1128/JVI.01429-12},
  keywords = {}
}

@article{mallajosyula14,
  author = {Mallajosyula, V.V. and Citron, M. and Ferrara, F. and Lu, X. and Callahan, C. and Heidecker, G.J. and Sarma, S.P. and Flynn, J.A. and Temperton, N.J. and Liang, X. and Varadarajan, R.},
  Title = {{Influenza Hemagglutinin Stem-Fragment Immunogen Elicits Broadly Neutralizing Antibodies and Confers Heterologous Protection}},
  year = 2014,
  journal = {Proc. Natl. Acad. Sci. USA},
  volume = 111,
  number = 25,
  pages = {E2514--23},
  pmid = 24927560,
  doi = {10.1073/pnas.1402766111},
  keywords = {}
}
@article{williams18,
  author = {Williams, J.A. and Gui, L. and Hom, N. and Mileant, A. and Lee, K.K.},
  Title = {{Dissection of Epitope-Specific Mechanisms of Neutralization of Influenza Virus by Intact IgG and Fab Fragments}},
  year = 2018,
  journal = {Journal of virology},
  volume = 92,
  number = 6,
  pages = {0},
  pmid = 29263254,
  doi = {10.1128/JVI.02006-17},
  keywords = {}
}
@article{corbett19,
  author = {Corbett, K.S. and Moin, S.M. and Yassine, H.M. and Cagigi, A. and Kanekiyo, M. and Boyoglu-Barnum, S. and Myers, S.I. and Tsybovsky, Y. and Wheatley, A.K. and Schramm, C.A. and Gillespie, R.A. and Shi, W. and Wang, L. and Zhang, Y. and Andrews, S.F. and Joyce, M.G. and Crank, M.C. and Douek, D.C. and McDermott, A.B. and Mascola, J.R. and Graham, B.S. and Boyington, J.C.},
  Title = {{Design of Nanoparticulate Group 2 Influenza Virus Hemagglutinin Stem Antigens That Activate Unmutated Ancestor B Cell Receptors of Broadly Neutralizing Antibody Lineages}},
  year = 2019,
  journal = {mBio},
  volume = 10,
  number = 1,
  pages = {0},
  pmid = 30808695,
  doi = {10.1128/mBio.02810-18},
  keywords = {}
}
@article{valkenburg16,
  author = {Valkenburg, S.A. and Mallajosyula, V.V. and Li, O.T. and Chin, A.W. and Carnell, G. and Temperton, N. and Varadarajan, R. and Poon, L.L.},
  Title = {{Stalking Influenza by Vaccination with Pre-Fusion Headless Ha Mini-Stem}},
  year = 2016,
  journal = {Scientific reports},
  volume = 6,
  pages = {22666},
  pmid = 26947245,
  doi = {10.1038/srep22666},
  keywords = {}
}
@article{lu14,
  author = {Lu, Y. and Welsh, J.P. and Swartz, J.R.},
  Title = {{Production and Stabilization of the Trimeric Influenza Hemagglutinin Stem Domain for Potentially Broadly Protective Influenza Vaccines}},
  year = 2014,
  journal = {Proc. Natl. Acad. Sci. USA},
  volume = 111,
  number = 1,
  pages = {125--30},
  pmid = 24344259,
  doi = {10.1073/pnas.1308701110},
  keywords = {}
}
@article{ekiert11,
  author = {Ekiert, D.C. and Friesen, R.H. and Bhabha, G. and Kwaks, T. and Jongeneelen, M. and Yu, W. and Ophorst, C. and Cox, F. and Korse, H.J. and Brandenburg, B. and Vogels, R. and Brakenhoff, J.P. and Kompier, R. and Koldijk, M.H. and Cornelissen, L.A. and Poon, L.L. and Peiris, M. and Koudstaal, W. and Wilson, I.A. and Goudsmit, J.},
  Title = {{A Highly Conserved Neutralizing Epitope on Group 2 Influenza a Viruses}},
  year = 2011,
  journal = {Science (New York, N.Y.)},
  volume = 333,
  number = 6044,
  pages = {843--50},
  pmid = 21737702,
  doi = {10.1126/science.1204839},
  keywords = {}
}
@article{steel10,
  author = {Steel, J. and Lowen, A.C. and Wang, T.T. and Yondola, M. and Gao, Q. and Haye, K. and Garcia-Sastre, A. and Palese, P.},
  Title = {{Influenza Virus Vaccine Based on the Conserved Hemagglutinin Stalk Domain}},
  year = 2010,
  journal = {mBio},
  volume = 1,
  number = 1,
  pages = {0},
  pmid = 20689752,
  doi = {10.1128/mBio.00018-10},
  keywords = {}
}

@article{yang16,
  author = {Yang, D. and Singh, A. and Wu, H. and Kroe-Barrett, R.},
  Title = {{Comparison of Biosensor Platforms in the Evaluation of High Affinity Antibody-Antigen Binding Kinetics}},
  year = 2016,
  journal = {Analytical biochemistry},
  volume = 508,
  pages = {78--96},
  pmid = 27365220,
  doi = {10.1016/j.ab.2016.06.024},
  keywords = {}
}

@article{margine14,
  author = {Margine, I. and Krammer, F.},
  Title = {{Animal Models for Influenza Viruses: Implications for Universal Vaccine Development}},
  year = 2014,
  journal = {Pathogens (Basel, Switzerland)},
  volume = 3,
  number = 4,
  pages = {845--74},
  pmid = 25436508,
  doi = {10.3390/pathogens3040845},
  keywords = {}
}

@article{tao97,
  author = {Tao, Y. and Strelkov, S.V. and Mesyanzhinov, V.V. and Rossmann, M.G.},
  Title = {{Structure of Bacteriophage T4 Fibritin: A Segmented Coiled Coil and the Role of the C-Terminal Domain}},
  year = 1997,
  journal = {Structure (London, England : 1993)},
  volume = 5,
  number = 6,
  pages = {789--98},
  pmid = 9261070,
  doi = {10.1016/s0969-2126(97)00233-5},
  keywords = {}
}
@article{wrammert11,
  author = {Wrammert, J. and Koutsonanos, D. and Li, G.M. and Edupuganti, S. and Sui, J. and Morrissey, M. and McCausland, M. and Skountzou, I. and Hornig, M. and Lipkin, W.I. and Mehta, A. and Razavi, B. and Del Rio, C. and Zheng, N.Y. and Lee, J.H. and Huang, M. and Ali, Z. and Kaur, K. and Andrews, S. and Amara, R.R. and Wang, Y. and Das, S.R. and O'Donnell, C.D. and Yewdell, J.W. and Subbarao, K. and Marasco, W.A. and Mulligan, M.J. and Compans, R. and Ahmed, R. and Wilson, P.C.},
  Title = {{Broadly Cross-Reactive Antibodies Dominate the Human B Cell Response Against 2009 Pandemic H1N1 Influenza Virus Infection}},
  year = 2011,
  journal = {The Journal of experimental medicine},
  volume = 208,
  number = 1,
  pages = {181--93},
  pmid = 21220454,
  doi = {10.1084/jem.20101352},
  keywords = {}
}
@article{li12,
  author = {Li, G.M. and Chiu, C. and Wrammert, J. and McCausland, M. and Andrews, S.F. and Zheng, N.Y. and Lee, J.H. and Huang, M. and Qu, X. and Edupuganti, S. and Mulligan, M. and Das, S.R. and Yewdell, J.W. and Mehta, A.K. and Wilson, P.C. and Ahmed, R.},
  Title = {{Pandemic H1N1 Influenza Vaccine Induces a Recall Response in Humans That Favors Broadly Cross-Reactive Memory B Cells}},
  year = 2012,
  journal = {Proc. Natl. Acad. Sci. USA},
  volume = 109,
  number = 23,
  pages = {9047--52},
  pmid = 22615367,
  doi = {10.1073/pnas.1118979109},
  keywords = {}
}
@article{watanabe19,
  author = {Watanabe, A. and McCarthy, K.R. and Kuraoka, M. and Schmidt, A.G. and Adachi, Y. and Onodera, T. and Tonouchi, K. and Caradonna, T.M. and Bajic, G. and Song, S. and McGee, C.E. and Sempowski, G.D. and Feng, F. and Urick, P. and Kepler, T.B. and Takahashi, Y. and Harrison, S.C. and Kelsoe, G.},
  Title = {{Antibodies to a Conserved Influenza Head Interface Epitope Protect by an IgG Subtype-Dependent Mechanism}},
  year = 2019,
  journal = {Cell},
  volume = 177,
  number = 5,
  pages = {1124--1135.e16},
  pmid = 31100267,
  doi = {10.1016/j.cell.2019.03.048},
  keywords = {}
}

@article{krammer14,
  author = {Krammer, F. and Hai, R. and Yondola, M. and Tan, G.S. and Leyva-Grado, V.H. and Ryder, A.B. and Miller, M.S. and Rose, J.K. and Palese, P. and Garc\'ia-Sastre, A. and Albrecht, R.A.},
  Title = {{Assessment of Influenza Virus Hemagglutinin Stalk-Based Immunity in Ferrets}},
  year = 2014,
  journal = {Journal of virology},
  volume = 88,
  number = 6,
  pages = {3432--42},
  pmid = 24403585,
  doi = {10.1128/JVI.03004-13},
  keywords = {}
}

@article{ellebedy14,
  author = {Ellebedy, A.H. and Krammer, F. and Li, G.M. and Miller, M.S. and Chiu, C. and Wrammert, J. and Chang, C.Y. and Davis, C.W. and McCausland, M. and Elbein, R. and Edupuganti, S. and Spearman, P. and Andrews, S.F. and Wilson, P.C. and Garc\'ia-Sastre, A. and Mulligan, M.J. and Mehta, A.K. and Palese, P. and Ahmed, R.},
  Title = {{Induction of Broadly Cross-Reactive Antibody Responses to the Influenza Ha Stem Region Following H5N1 Vaccination in Humans}},
  year = 2014,
  journal = {Proc. Natl. Acad. Sci. USA},
  volume = 111,
  number = 36,
  pages = {13133--8},
  pmid = 25157133,
  doi = {10.1073/pnas.1414070111},
  keywords = {}
}

@article{akram12,
  author = {Akram, A. and Inman, R.D.},
  Title = {{Immunodominance: A Pivotal Principle in Host Response to Viral Infections}},
  year = 2012,
  journal = {Clinical immunology (Orlando, Fla.)},
  volume = 143,
  number = 2,
  pages = {99--115},
  pmid = 22391152,
  doi = {10.1016/j.clim.2012.01.015},
  keywords = {}
}
@article{park18,
  author = {Park, J.K. and Han, A. and Czajkowski, L. and Reed, S. and Athota, R. and Bristol, T. and Rosas, L.A. and Cervantes-Medina, A. and Taubenberger, J.K. and Memoli, M.J.},
  Title = {{Evaluation of Preexisting Anti-Hemagglutinin Stalk Antibody As a Correlate of Protection in a Healthy Volunteer Challenge with Influenza A/H1N1pdm Virus}},
  year = 2018,
  journal = {mBio},
  volume = 9,
  number = 1,
  pages = {0},
  pmid = 29362240,
  doi = {10.1128/mBio.02284-17},
  keywords = {}
}
@article{sutton17,
  author = {Sutton, T.C. and Chakraborty, S. and Mallajosyula, V.V.A. and Lamirande, E.W. and Ganti, K. and Bock, K.W. and Moore, I.N. and Varadarajan, R. and Subbarao, K.},
  Title = {{Protective Efficacy of Influenza Group 2 Hemagglutinin Stem-Fragment Immunogen Vaccines}},
  year = 2017,
  journal = {NPJ vaccines},
  volume = 2,
  pages = {35},
  pmid = 29263889,
  doi = {10.1038/s41541-017-0036-2},
  keywords = {}
}

@article{impagliazzo15,
  author = {Impagliazzo, A. and Milder, F. and Kuipers, H. and Wagner, M.V. and Zhu, X. and Hoffman, R.M. and van Meersbergen, R. and Huizingh, J. and Wanningen, P. and Verspuij, J. and de Man, M. and Ding, Z. and Apetri, A. and Kükrer, B. and Sneekes-Vriese, E. and Tomkiewicz, D. and Laursen, N.S. and Lee, P.S. and Zakrzewska, A. and Dekking, L. and Tolboom, J. and Tettero, L. and van Meerten, S. and Yu, W. and Koudstaal, W. and Goudsmit, J. and Ward, A.B. and Meijberg, W. and Wilson, I.A. and Radošević, K.},
  Title = {{A Stable Trimeric Influenza Hemagglutinin Stem As a Broadly Protective Immunogen}},
  year = 2015,
  journal = {Science (New York, N.Y.)},
  volume = 349,
  number = 6254,
  pages = {1301--6},
  pmid = 26303961,
  doi = {10.1126/science.aac7263},
  keywords = {}
}

@article{lu14,
    author={Y. Lu and J.P. Welsh and J. R. Swartz},
    year={2014},
    Title = {{Production and Stabilization of the Trimeric Influenza Hemagglutinin Stem Domain for Potentially Broadly Protective Influenza Vaccines}},
    journal={Proc. Natl. Acad. Sci. USA},
    pages={125--130},
    volume={111}
}
@article{valkenburg16,
  author = {Valkenburg, S.A. and Mallajosyula, V.V. and Li, O.T. and Chin, A.W. and Carnell, G. and Temperton, N. and Varadarajan, R. and Poon, L.L.},
  Title = {{Stalking Influenza by Vaccination with Pre-Fusion Headless Ha Mini-Stem}},
  year = 2016,
  journal = {Scientific reports},
  volume = 6,
  pages = {22666},
  pmid = 26947245,
  doi = {10.1038/srep22666},
  keywords = {}
}
@article{dreyfus12,
  author = {Dreyfus, C. and Laursen, N.S. and Kwaks, T. and Zuijdgeest, D. and Khayat, R. and Ekiert, D.C. and Lee, J.H. and Metlagel, Z. and Bujny, M.V. and Jongeneelen, M. and van der Vlugt, R. and Lamrani, M. and Korse, H.J. and Geelen, E. and Sahin, Ã. and Sieuwerts, M. and Brakenhoff, J.P. and Vogels, R. and Li, O.T. and Poon, L.L. and Peiris, M. and Koudstaal, W. and Ward, A.B. and Wilson, I.A. and Goudsmit, J. and Friesen, R.H.},
  Title = {{Highly Conserved Protective Epitopes on Influenza B Viruses}},
  year = 2012,
  journal = {Science (New York, N.Y.)},
  volume = 337,
  number = 6100,
  pages = {1343--8},
  pmid = 22878502,
  doi = {10.1126/science.1222908},
  keywords = {}
}

@article{zhou10,
  author = {Zhou, T. and Georgiev, I. and Wu, X. and Yang, Z.Y. and Dai, K. and Finzi, A. and Kwon, Y.D. and Scheid, J.F. and Shi, W. and Xu, L. and Yang, Y. and Zhu, J. and Nussenzweig, M.C. and Sodroski, J. and Shapiro, L. and Nabel, G.J. and Mascola, J.R. and Kwong, P.D.},
  Title = {{Structural Basis for Broad and Potent Neutralization of HIV-1 by Antibody VRC01}},
  year = 2010,
  journal = {Science (New York, N.Y.)},
  volume = 329,
  number = 5993,
  pages = {811--7},
  pmid = 20616231,
  doi = {10.1126/science.1192819},
  keywords = {}
}
@article{joyce16,
  author = {Joyce, M.G. and Wheatley, A.K. and Thomas, P.V. and Chuang, G.Y. and Soto, C. and Bailer, R.T. and Druz, A. and Georgiev, I.S. and Gillespie, R.A. and Kanekiyo, M. and Kong, W.P. and Leung, K. and Narpala, S.N. and Prabhakaran, M.S. and Yang, E.S. and Zhang, B. and Zhang, Y. and Asokan, M. and Boyington, J.C. and Bylund, T. and Darko, S. and Lees, C.R. and Ransier, A. and Shen, C.H. and Wang, L. and Whittle, J.R. and Wu, X. and Yassine, H.M. and Santos, C. and Matsuoka, Y. and Tsybovsky, Y. and Baxa, U. and Mullikin, J.C. and Subbarao, K. and Douek, D.C. and Graham, B.S. and Koup, R.A. and Ledgerwood, J.E. and Roederer, M. and Shapiro, L. and Kwong, P.D. and Mascola, J.R. and McDermott, A.B.},
  Title = {{Vaccine-Induced Antibodies That Neutralize Group 1 and Group 2 Influenza a Viruses}},
  year = 2016,
  journal = {Cell},
  volume = 166,
  number = 3,
  pages = {609--623},
  pmid = 27453470,
  doi = {10.1016/j.cell.2016.06.043},
  keywords = {}
}
@article{corti17,
  author = {Corti, D. and Cameroni, E. and Guarino, B. and Kallewaard, N.L. and Zhu, Q. and Lanzavecchia, A.},
  Title = {{Tackling Influenza with Broadly Neutralizing Antibodies}},
  year = 2017,
  journal = {Current opinion in virology},
  volume = 24,
  pages = {60--69},
  pmid = 28527859,
  doi = {10.1016/j.coviro.2017.03.002},
  keywords = {}
}

@article{wang15,
  author = {Wang, S. and Mata-Fink, J. and Kriegsman, B. and Hanson, M. and Irvine, D.J. and Eisen, H.N. and Burton, D.R. and Wittrup, K.D. and Kardar, M. and Chakraborty, A.K.},
  Title = {{Manipulating the Selection Forces During Affinity Maturation to Generate Cross-Reactive HIV Antibodies}},
  year = 2015,
  journal = {Cell},
  volume = 160,
  number = 4,
  pages = {785--797},
  pmid = 25662010,
  doi = {10.1016/j.cell.2015.01.027},
  keywords = {}
}
@article{ovchinnikov18,
  author = {Ovchinnikov, V. and Louveau, J.E. and Barton, J.P. and Karplus, M. and Chakraborty, A.K.},
  Title = {{Role of Framework Mutations and Antibody Flexibility in the Evolution of Broadly Neutralizing Antibodies}},
  year = 2018,
  journal = {eLife},
  volume = 7,
  pages = {0},
  pmid = 29442996,
  doi = {10.7554/eLife.33038},
  keywords = {}
}
@article{joyce16rsv,
  author = {Joyce, M.G. and Zhang, B. and Ou, L. and Chen, M. and Chuang, G.Y. and Druz, A. and Kong, W.P. and Lai, Y.T. and Rundlet, E.J. and Tsybovsky, Y. and Yang, Y. and Georgiev, I.S. and Guttman, M. and Lees, C.R. and Pancera, M. and Sastry, M. and Soto, C. and Stewart-Jones, G.B.E. and Thomas, P.V. and Van Galen, J.G. and Baxa, U. and Lee, K.K. and Mascola, J.R. and Graham, B.S. and Kwong, P.D.},
  Title = {{Iterative Structure-Based Improvement of a Fusion-Glycoprotein Vaccine Against RSV}},
  year = 2016,
  journal = {Nature structural & molecular biology},
  volume = 23,
  number = 9,
  pages = {811--820},
  pmid = 27478931,
  doi = {10.1038/nsmb.3267},
  keywords = {}
}

@article{nachbagauer17,
  author = {Nachbagauer, R. and Choi, A. and Hirsh, A. and Margine, I. and Iida, S. and Barrera, A. and Ferres, M. and Albrecht, R.A. and Garc\'ia-Sastre, A. and Bouvier, N.M. and Ito, K. and Medina, R.A. and Palese, P. and Krammer, F.},
  Title = {{Defining the Antibody Cross-Reactome Directed Against the Influenza Virus Surface Glycoproteins}},
  year = 2017,
  journal = {Nature immunology},
  volume = 18,
  number = 4,
  pages = {464--473},
  pmid = 28192418,
  doi = {10.1038/ni.3684},
  keywords = {}
}

@article{nachbagauer17a,
  author = {Nachbagauer, R. and Liu, W.C. and Choi, A. and Wohlbold, T.J. and Atlas, T. and Rajendran, M. and Solarzano, A. and Berlanda-Scorza, F. and Garc\'ia-Sastre, A. and Palese, P. and Albrecht, R.A. and Krammer, F.},
  Title = {{A Universal Influenza Virus Vaccine Candidate Confers Protection Against Pandemic H1N1 Infection in Preclinical Ferret Studies}},
  year = 2017,
  journal = {NPJ vaccines},
  volume = 2,
  pages = {26},
  pmid = 29263881,
  doi = {10.1038/s41541-017-0026-4},
  keywords = {}
}
@article{nachbagauer17rev,
  author = {Nachbagauer, R. and Krammer, F.},
  Title = {{Universal Influenza Virus Vaccines and Therapeutic Antibodies}},
  year = 2017,
  journal = {Clinical microbiology and infection : the official publication of the European Society of Clinical Microbiology and Infectious Diseases},
  volume = 23,
  number = 4,
  pages = {222--228},
  pmid = 28216325,
  doi = {10.1016/j.cmi.2017.02.009},
  keywords = {}
}

@article{sirin16,
    author={S. Sirin and J.R. Apgar and E. M. Bennett and A. E. Keating},
    year={2016},
    Title = {{AB-Bind: Antibody Binding Mutational Database for Computational Affinity Predictions}},
    journal={Prot. Sci.},
    pages={393--409},
    volume={25}
}
@article{kadam17,
  author = {Kadam, R.U. and Wilson, I.A.},
  Title = {{Structural Basis of Influenza Virus Fusion Inhibition by the Antiviral Drug Arbidol}},
  year = 2017,
  journal = {Proc. Natl. Acad. Sci. USA},
  volume = 114,
  number = 2,
  pages = {206--214},
  pmid = 28003465,
  doi = {10.1073/pnas.1617020114},
  keywords = {}
}

@article{russell08,
  author = {Russell, R.J. and Kerry, P.S. and Stevens, D.J. and Steinhauer, D.A. and Martin, S.R. and Gamblin, S.J. and Skehel, J.J.},
  Title = {{Structure of Influenza Hemagglutinin in Complex with an Inhibitor of Membrane Fusion}},
  year = 2008,
  journal = {Proc. Natl. Acad. Sci. USA},
  volume = 105,
  number = 46,
  pages = {17736--41},
  pmid = 19004788,
  doi = {10.1073/pnas.0807142105},
  keywords = {}
}

@article{corti11,
  author = {Corti, D. and Voss, J. and Gamblin, S.J. and Codoni, G. and Macagno, A. and Jarrossay, D. and Vachieri, S.G. and Pinna, D. and Minola, A. and Vanzetta, F. and Silacci, C. and Fernandez-Rodriguez, B.M. and Agatic, G. and Bianchi, S. and Giacchetto-Sasselli, I. and Calder, L. and Sallusto, F. and Collins, P. and Haire, L.F. and Temperton, N. and Langedijk, J.P. and Skehel, J.J. and Lanzavecchia, A.},
  Title = {{A Neutralizing Antibody Selected from Plasma Cells That Binds to Group 1 and Group 2 Influenza a Hemagglutinins}},
  year = 2011,
  journal = {Science (New York, N.Y.)},
  volume = 333,
  number = 6044,
  pages = {850--6},
  pmid = 21798894,
  doi = {10.1126/science.1205669},
  keywords = {}
}
@article{dunand15,
  author = {Henry Dunand, C.J. and Leon, P.E. and Kaur, K. and Tan, G.S. and Zheng, N.Y. and Andrews, S. and Huang, M. and Qu, X. and Huang, Y. and Salgado-Ferrer, M. and Ho, I.Y. and Taylor, W. and Hai, R. and Wrammert, J. and Ahmed, R. and GarcÃ­a-Sastre, A. and Palese, P. and Krammer, F. and Wilson, P.C.},
  Title = {{Preexisting Human Antibodies Neutralize Recently Emerged H7N9 Influenza Strains}},
  year = 2015,
  journal = {The Journal of clinical investigation},
  volume = 125,
  number = 3,
  pages = {1255--68},
  pmid = 25689254,
  doi = {10.1172/JCI74374},
  keywords = {}
}

@article{kallewaard16,
  author = {Kallewaard, N.L. and Corti, D. and Collins, P.J. and Neu, U. and McAuliffe, J.M. and Benjamin, E. and Wachter-Rosati, L. and Palmer-Hill, F.J. and Yuan, A.Q. and Walker, P.A. and Vorlaender, M.K. and Bianchi, S. and Guarino, B. and De Marco, A. and Vanzetta, F. and Agatic, G. and Foglierini, M. and Pinna, D. and Fernandez-Rodriguez, B. and Fruehwirth, A. and Silacci, C. and Ogrodowicz, R.W. and Martin, S.R. and Sallusto, F. and Suzich, J.A. and Lanzavecchia, A. and Zhu, Q. and Gamblin, S.J. and Skehel, J.J.},
  Title = {{Structure and Function Analysis of an Antibody Recognizing All Influenza a Subtypes}},
  year = 2016,
  journal = {Cell},
  volume = 166,
  number = 3,
  pages = {596--608},
  pmid = 27453466,
  doi = {10.1016/j.cell.2016.05.073},
  keywords = {}
}
@article{pappas14,
  author = {Pappas, L. and Foglierini, M. and Piccoli, L. and Kallewaard, N.L. and Turrini, F. and Silacci, C. and Fernandez-Rodriguez, B. and Agatic, G. and Giacchetto-Sasselli, I. and Pellicciotta, G. and Sallusto, F. and Zhu, Q. and Vicenzi, E. and Corti, D. and Lanzavecchia, A.},
  Title = {{Rapid Development of Broadly Influenza Neutralizing Antibodies Through Redundant Mutations}},
  year = 2014,
  journal = {Nature},
  volume = 516,
  number = 7531,
  pages = {418--22},
  pmid = 25296253,
  doi = {10.1038/nature13764},
  keywords = {}
}
@article{wu15,
  author = {Wu, Y. and Cho, M. and Shore, D. and Song, M. and Choi, J. and Jiang, T. and Deng, Y.Q. and Bourgeois, M. and Almli, L. and Yang, H. and Chen, L.M. and Shi, Y. and Qi, J. and Li, A. and Yi, K.S. and Chang, M. and Bae, J.S. and Lee, H. and Shin, J. and Stevens, J. and Hong, S. and Qin, C.F. and Gao, G.F. and Chang, S.J. and Donis, R.O.},
  Title = {{A Potent Broad-Spectrum Protective Human Monoclonal Antibody Crosslinking Two Haemagglutinin Monomers of Influenza a Virus}},
  year = 2015,
  journal = {Nature communications},
  volume = 6,
  pages = {7708},
  pmid = 26196962,
  doi = {10.1038/ncomms8708},
  keywords = {}
}
@article{fu16,
  author = {Fu, Y. and Zhang, Z. and Sheehan, J. and Avnir, Y. and Ridenour, C. and Sachnik, T. and Sun, J. and Hossain, M.J. and Chen, L.M. and Zhu, Q. and Donis, R.O. and Marasco, W.A.},
  Title = {{A Broadly Neutralizing Anti-Influenza Antibody Reveals Ongoing Capacity of Haemagglutinin-Specific Memory B Cells to Evolve}},
  year = 2016,
  journal = {Nature communications},
  volume = 7,
  pages = {12780},
  pmid = 27619409,
  doi = {10.1038/ncomms12780},
  keywords = {}
}
@article{raymond18,
  author = {Raymond, D.D. and Bajic, G. and Ferdman, J. and Suphaphiphat, P. and Settembre, E.C. and Moody, M.A. and Schmidt, A.G. and Harrison, S.C.},
  Title = {{Conserved Epitope on Influenza-Virus Hemagglutinin Head Defined by a Vaccine-Induced Antibody}},
  year = 2018,
  journal = {Proc. Natl. Acad. Sci. USA},
  volume = 115,
  number = 1,
  pages = {168--173},
  pmid = 29255041,
  doi = {10.1073/pnas.1715471115},
  keywords = {}
}
@article{wyrzucki15,
  author = {Wyrzucki, A. and Bianchi, M. and Kohler, I. and Steck, M. and Hangartner, L.},
  Title = {{Heterosubtypic Antibodies to Influenza a Virus Have Limited Activity Against Cell-Bound Virus but Are Not Impaired by Strain-Specific Serum Antibodies}},
  year = 2015,
  journal = {Journal of virology},
  volume = 89,
  number = 6,
  pages = {3136--44},
  pmid = 25552718,
  doi = {10.1128/JVI.03069-14},
  keywords = {}
}
@article{yoon15,
  author = {Yoon, H. and Macke, J. and West, A.P. and Foley, B. and Bjorkman, P.J. and Korber, B. and Yusim, K.},
  Title = {{CATNAP: A Tool to Compile}, Analyze and Tally Neutralizing Antibody Panels},
  year = 2015,
  journal = {Nucleic acids research},
  volume = 43,
  number = "W1",
  pages = {W213--9},
  pmid = 26044712,
  doi = {10.1093/nar/gkv404},
  keywords = {}
}
@article{neuberger95,
  author = {Neuberger, M.S. and Milstein, C.},
  Title = {{Somatic Hypermutation}},
  year = 1995,
  journal = {Current opinion in immunology},
  volume = 7,
  number = 2,
  pages = {248--54},
  pmid = 7546385,
  keywords = {}
}
@article{berek87a,
  author = {Berek, C. and Jarvis, J.M. and Milstein, C.},
  Title = {{Activation of Memory and Virgin B Cell Clones in Hyperimmune Animals}},
  year = 1987,
  journal = {European journal of immunology},
  volume = 17,
  number = 8,
  pages = {1121--9},
  pmid = 3113977,
  doi = {10.1002/eji.1830170808},
  keywords = {}
}
@article{berek87,
  author = {Berek, C. and Milstein, C.},
  Title = {{Mutation Drift and Repertoire Shift in the Maturation of the Immune Response}},
  year = 1987,
  journal = {Immunological reviews},
  volume = 96,
  pages = {23--41},
  pmid = 3298007,
  keywords = {}
}
@article{erbelding18,
  author = {Erbelding, E.J. and Post, D.J. and Stemmy, E.J. and Roberts, P.C. and Augustine, A.D. and Ferguson, S. and Paules, C.I. and Graham, B.S. and Fauci, A.S.},
  Title = {{A Universal Influenza Vaccine: The Strategic Plan for the National Institute of Allergy and Infectious Diseases}},
  year = 2018,
  journal = {The Journal of infectious diseases},
  volume = 218,
  number = 3,
  pages = {347--354},
  pmid = 29506129,
  doi = {10.1093/infdis/jiy103},
  keywords = {}
}
@article{yaari13,
  author = {Yaari, G. and Vander Heiden, J.A. and Uduman, M. and Gadala-Maria, D. and Gupta, N. and Stern, J.N. and O'Connor, K.C. and Hafler, D.A. and Laserson, U. and Vigneault, F. and Kleinstein, S.H.},
  Title = {{Models of Somatic Hypermutation Targeting and Substitution Based on Synonymous Mutations from High-Throughput Immunoglobulin Sequencing Data}},
  year = 2013,
  journal = {Frontiers in immunology},
  volume = 4,
  pages = {358},
  pmid = 24298272,
  doi = {10.3389/fimmu.2013.00358},
  keywords = {}
}
@article{shaffer16,
  author = {Shaffer, J.S. and Moore, P.L. and Kardar, M. and Chakraborty, A.K.},
  Title = {{Optimal Immunization Cocktails Can Promote Induction of Broadly Neutralizing Abs Against Highly Mutable Pathogens}},
  year = 2016,
  journal = {Proc. Natl. Acad. Sci. USA},
  volume = 113,
  number = 45,
  pages = {E7039--E7048},
  pmid = 27791170,
  doi = {10.1073/pnas.1614940113},
  keywords = {}
}
@article{seaman10,
  author = {Seaman, M.S. and Janes, H. and Hawkins, N. and Grandpre, L.E. and Devoy, C. and Giri, A. and Coffey, R.T. and Harris, L. and Wood, B. and Daniels, M.G. and Bhattacharya, T. and Lapedes, A. and Polonis, V.R. and McCutchan, F.E. and Gilbert, P.B. and Self, S.G. and Korber, B.T. and Montefiori, D.C. and Mascola, J.R.},
  Title = {{Tiered Categorization of a Diverse Panel of HIV-1 Env Pseudoviruses for Assessment of Neutralizing Antibodies}},
  year = 2010,
  journal = {Journal of virology},
  volume = 84,
  number = 3,
  pages = {1439--52},
  pmid = 19939925,
  doi = {10.1128/JVI.02108-09},
  keywords = {}
}
@article{pedregosa11,
    author={Pedregosa F. and Varoquaux G. and Gramfort A. and Michel V. and Thirion B. and Grisel O. and et al.},
    year={2011},
    Title = {{Scikit-Learn: Machine Learning in Python.}},
    journal={J Mach Learn Res.},
    pages={2825--2830},
    volume={12}
}
@article{lippmann87,
    author={R. Lippmann},
    year={1987},
    Title = {{An Introduction to Computing with Neural Nets.}},
    journal={IEEE ASSP Mag.},
    pages={4--22},
    volume={4},
    number={2}
}

@article{nakamura13,
  author = {Nakamura, G. and Chai, N. and Park, S. and Chiang, N. and Lin, Z. and Chiu, H. and Fong, R. and Yan, D. and Kim, J. and Zhang, J. and Lee, W.P. and Estevez, A. and Coons, M. and Xu, M. and Lupardus, P. and Balazs, M. and Swem, L.R.},
  Title = {{An in Vivo Human-Plasmablast Enrichment Technique Allows Rapid Identification of Therapeutic Influenza a Antibodies}},
  year = 2013,
  journal = {Cell host \& microbe},
  volume = 14,
  number = 1,
  pages = {93--103},
  pmid = 23870317,
  doi = {10.1016/j.chom.2013.06.004},
  keywords = {}
}
@article{paules17,
  author = {Paules, C.I. and Marston, H.D. and Eisinger, R.W. and Baltimore, D. and Fauci, A.S.},
  Title = {{The Pathway to a Universal Influenza Vaccine}},
  year = 2017,
  journal = {Immunity},
  volume = 47,
  number = 4,
  pages = {599--603},
  pmid = 29045889,
  doi = {10.1016/j.immuni.2017.09.007},
  keywords = {}
}
@article{krammer13,
  author = {Krammer, F. and Pica, N. and Hai, R. and Margine, I. and Palese, P.},
  Title = {{Chimeric Hemagglutinin Influenza Virus Vaccine Constructs Elicit Broadly Protective Stalk-Specific Antibodies}},
  year = 2013,
  journal = {Journal of virology},
  volume = 87,
  number = 12,
  pages = {6542--50},
  pmid = 23576508,
  doi = {10.1128/JVI.00641-13},
  keywords = {}
}

@article{crotty11,
    author={Crotty S.},
    year={2011},
    Title = {{Follicular Helper CD4 T Cells (TFH)}},
    journal={Annu. Rev. Immunol.},
    pages={621-33},
    volume={29}
}
@article{bajic19,
  author = {Bajic, G. and Maron, M.J. and Adachi, Y. and Onodera, T. and McCarthy, K.R. and McGee, C.E. and Sempowski, G.D. and Takahashi, Y. and Kelsoe, G. and Kuraoka, M. and Schmidt, A.G.},
  Title = {{Influenza Antigen Engineering Focuses Immune Responses to a Subdominant but Broadly Protective Viral Epitope}},
  year = 2019,
  journal = {Cell host \& microbe},
  volume = 25,
  number = 6,
  pages = {827--835.e6},
  pmid = 31104946,
  doi = {10.1016/j.chom.2019.04.003},
  keywords = {}
}
@article{yassine15,
  author = {Yassine, H.M. and Boyington, J.C. and McTamney, P.M. and Wei, C.J. and Kanekiyo, M. and Kong, W.P. and Gallagher, J.R. and Wang, L. and Zhang, Y. and Joyce, M.G. and Lingwood, D. and Moin, S.M. and Andersen, H. and Okuno, Y. and Rao, S.S. and Harris, A.K. and Kwong, P.D. and Mascola, J.R. and Nabel, G.J. and Graham, B.S.},
  Title = {{Hemagglutinin-Stem Nanoparticles Generate Heterosubtypic Influenza Protection}},
  year = 2015,
  journal = {Nature medicine},
  volume = 21,
  number = 9,
  pages = {1065--70},
  pmid = 26301691,
  doi = {10.1038/nm.3927},
  keywords = {}
}

@article{arevalo20,
  author = {Arevalo, C.P. and Le Sage, V. and Bolton, M.J. and Eilola, T. and Jones, J.E. and Kormuth, K.A. and Nturibi, E. and Balmaseda, A. and Gordon, A. and Lakdawala, S.S. and Hensley, S.E.},
  Title = {{Original Antigenic Sin Priming of Influenza Virus Hemagglutinin Stalk Antibodies}},
  year = 2020,
  journal = {Proc. Natl. Acad. Sci. USA},
  volume = 117,
  number = 29,
  pages = {17221--17227},
  pmid = 32631992,
  doi = {10.1073/pnas.1920321117},
  keywords = {}
}

@article{andrews15,
  author = {Andrews, S.F. and Huang, Y. and Kaur, K. and Popova, L.I. and Ho, I.Y. and Pauli, N.T. and Henry Dunand, C.J. and Taylor, W.M. and Lim, S. and Huang, M. and Qu, X. and Lee, J.H. and Salgado-Ferrer, M. and Krammer, F. and Palese, P. and Wrammert, J. and Ahmed, R. and Wilson, P.C.},
  Title = {{Immune History Profoundly Affects Broadly Protective B Cell Responses to Influenza}},
  year = 2015,
  journal = {Science translational medicine},
  volume = 7,
  number = 316,
  pages = {316ra192},
  pmid = 26631631,
  doi = {10.1126/scitranslmed.aad0522},
  keywords = {}
}

@article{glanville20,
author = {Ives, Sarah and B\"urckert, Jean-Philippe and Pettus, Christina and Peñate, Karina and Hovde, Rachel and Bayless, Nicholas and Shanghavi, Devanshi and Glanville, Keith and Calgua, Erwin and Youssef, Sawsan and Glanville, Jacob},
year = {2020},

pages = {},
journal = {submitted},
Title = {{A General Solution to Broad-Spectrum Vaccine Design for Rapidly Mutating Viruses}},
doi = {10.21203/rs.3.rs-100459/v1}
}

@article{cohen21a,
  author = {Cohen, A.A. and Yang, Z. and Gnanapragasam, P.N.P. and Ou, S. and Dam, K.A. and Wang, H. and Bjorkman, P.J.},
  Title = {{Construction}, Characterization, and Immunization of Nanoparticles That Display a Diverse Array of Influenza Ha Trimers},
  year = 2021,
  journal = {PloS one},
  volume = 16,
  number = 3,
  pages = {e0247963},
  pmid = 33661993,
  doi = {10.1371/journal.pone.0247963},
  keywords = {}
}

@article{suzuki12,
    author={N. Sriwilaijaroen and Y. Suzuki},
    year={2012},
    Title = {{Molecular Basis of the Structure and Function of H1 Hemagglutinin of Influenza Virus}},
    journal={Proc. Jpn. Acad. Ser. B},
    pages={226--249},
    volume={88},
    number={6}
}

@article{fukuyama20,
  author = {Fukuyama, H. and Shinnakasu, R. and Kurosaki, T.},
  Title = {{Influenza Vaccination Strategies Targeting the Hemagglutinin Stem Region}},
  year = 2020,
  journal = {Immunological reviews},
  volume = 296,
  number = 1,
  pages = {132--141},
  pmid = 32542739,
  doi = {10.1111/imr.12887},
  keywords = {}
}
@article{kanekiyo19,
  author = {Kanekiyo, M. and Joyce, M.G. and Gillespie, R.A. and Gallagher, J.R. and Andrews, S.F. and Yassine, H.M. and Wheatley, A.K. and Fisher, B.E. and Ambrozak, D.R. and Creanga, A. and Leung, K. and Yang, E.S. and Boyoglu-Barnum, S. and Georgiev, I.S. and Tsybovsky, Y. and Prabhakaran, M.S. and Andersen, H. and Kong, W.P. and Baxa, U. and Zephir, K.L. and Ledgerwood, J.E. and Koup, R.A. and Kwong, P.D. and Harris, A.K. and McDermott, A.B. and Mascola, J.R. and Graham, B.S.},
  Title = {{Mosaic Nanoparticle Display of Diverse Influenza Virus Hemagglutinins Elicits Broad B Cell Responses}},
  year = 2019,
  journal = {Nature immunology},
  volume = 20,
  number = 3,
  pages = {362--372},
  pmid = 30742080,
  doi = {10.1038/s41590-018-0305-x},
  keywords = {}
}
@article{bajic19a,
  author = {Bajic, G. and van der Poel, C.E. and Kuraoka, M. and Schmidt, A.G. and Carroll, M.C. and Kelsoe, G. and Harrison, S.C.},
  Title = {{Autoreactivity Profiles of Influenza Hemagglutinin Broadly Neutralizing antibodies}},
  year = 2019,
  journal = {Scientific reports},
  volume = 9,
  number = 1,
  pages = {3492},
  pmid = 30837606,
  doi = {10.1038/s41598-019-40175-8},
  keywords = {}
}

@article{nachbagauer16,
  author = {Nachbagauer, R. and Choi, A. and Izikson, R. and Cox, M.M. and Palese, P. and Krammer, F.},
  Title = {{Age Dependence and Isotype Specificity of Influenza Virus Hemagglutinin Stalk-Reactive Antibodies in Humans}},
  year = 2016,
  journal = {mBio},
  volume = 7,
  number = 1,
  pages = {e01996--15},
  pmid = 26787832,
  doi = {10.1128/mBio.01996-15},
  keywords = {}
}
@article{tan19,
  author = {Tan, H.X. and Jegaskanda, S. and Juno, J.A. and Esterbauer, R. and Wong, J. and Kelly, H.G. and Liu, Y. and Tilmanis, D. and Hurt, A.C. and Yewdell, J.W. and Kent, S.J. and Wheatley, A.K.},
  Title = {{Subdominance and Poor Intrinsic Immunogenicity Limit Humoral Immunity Targeting Influenza Ha Stem}},
  year = 2019,
  journal = {The Journal of clinical investigation},
  volume = 129,
  number = 2,
  pages = {850--862},
  pmid = 30521496,
  doi = {10.1172/JCI123366},
  keywords = {}
}
@article{boyoglu-barnum20,
  author = {Boyoglu-Barnum, S. and Hutchinson, G.B. and Boyington, J.C. and Moin, S.M. and Gillespie, R.A. and Tsybovsky, Y. and Stephens, T. and Vaile, J.R. and Lederhofer, J. and Corbett, K.S. and Fisher, B.E. and Yassine, H.M. and Andrews, S.F. and Crank, M.C. and McDermott, A.B. and Mascola, J.R. and Graham, B.S. and Kanekiyo, M.},
  Title = {{Glycan Repositioning of Influenza Hemagglutinin Stem Facilitates the Elicitation of Protective Cross-Group Antibody Responses}},
  year = 2020,
  journal = {Nature communications},
  volume = 11,
  number = 1,
  pages = {791},
  pmid = 32034141,
  doi = {10.1038/s41467-020-14579-4},
  keywords = {}
}

@article{krammer12,
  author = {Krammer, F. and Pica, N. and Hai, R. and Tan, G.S. and Palese, P.},
  Title = {{Hemagglutinin Stalk-Reactive Antibodies Are Boosted Following Sequential Infection with Seasonal and Pandemic H1N1 Influenza Virus in Mice}},
  year = 2012,
  journal = {Journal of virology},
  volume = 86,
  number = 19,
  pages = {10302--7},
  pmid = 22787225,
  doi = {10.1128/JVI.01336-12},
  keywords = {}
}
@article{hai12,
  author = {Hai, R. and Krammer, F. and Tan, G.S. and Pica, N. and Eggink, D. and Maamary, J. and Margine, I. and Albrecht, R.A. and Palese, P.},
  Title = {{Influenza Viruses Expressing Chimeric Hemagglutinins: Globular Head and Stalk Domains Derived from Different Subtypes}},
  year = 2012,
  journal = {Journal of virology},
  volume = 86,
  number = 10,
  pages = {5774--81},
  pmid = 22398287,
  doi = {10.1128/JVI.00137-12},
  keywords = {}
}
@article{xu10,
  author = {Xu, R. and Ekiert, D.C. and Krause, J.C. and Hai, R. and Crowe, J.E. and Wilson, I.A.},
  Title = {{Structural Basis of Preexisting Immunity to the 2009 H1N1 Pandemic Influenza Virus}},
  year = 2010,
  journal = {Science},
  volume = 328,
  number = 5976,
  pages = {357--60},
  pmid = 20339031,
  doi = {10.1126/science.1186430},
  keywords = {}
}
@article{taubenberger19,
  author = {Taubenberger, J.K. and Kash, J.C. and Morens, D.M.},
  Title = {{The 1918 Influenza Pandemic: 100 Years of Questions Answered and Unanswered}},
  year = 2019,
  journal = {Science translational medicine},
  volume = 11,
  number = 502,
  pages = {0},
  pmid = 31341062,
  doi = {10.1126/scitranslmed.aau5485},
  keywords = {}
}
@article{Humphrey96,
    author={W. Humphrey and A. Dalke and K. Schulten}, 
    year={1996},
    title={{VMD} - Visual Molecular Dynamics},
    journal={J. Mol. Graphics}, 
    volume={14}, 
    pages={33-38}
}
@article{bao08,
  author = {Bao, Y. and Bolotov, P. and Dernovoy, D. and Kiryutin, B. and Zaslavsky, L. and Tatusova, T. and Ostell, J. and Lipman, D.},
  title = {The influenza virus resource at the National Center for Biotechnology Information},
  year = 2008,
  journal = {Journal of virology},
  volume = 82,
  number = 2,
  pages = {596--601},
  pmid = 17942553,
  doi = {10.1128/JVI.02005-07},
  keywords = {}
}
